@Article{Abatzoglou2012,
  Author = {Abatzoglou, John T. and Brown, Timothy J.},
  Journal = {International Journal of Climatology},
  Month = {apr},
  Number = {5},
  Pages = {772--780},
  Title = {A comparison of statistical downscaling methods suited for wildfire applications},
  Volume = {32},
  Year = {2012},
  Doi = {10.1002/joc.2312},
  Issn = {08998418},
  Url = {http://doi.wiley.com/10.1002/joc.2312},
  Isbn = {1097-0088},
  Keywords = {Climate change,Downscaling,Wildfire,abatz2012}
}


@Misc{bailey2018,
  Author = {Bailey, Amey},
  Publisher = {Environmental Data Initiative},
  Title = {Hubbard Brook Experimental Forest (US Forest Service): Routine Seasonal Phenology Measurements, 1989 - present. Environmental Data Initiative},
  Year = {2018},
  Url = {https://doi.org/10.6073/pasta/765084e2b4a5ec389403238c58784572}
}


@Article{bartomeus2013,
  Author = {Bartomeus, I. and Ascher, J. S. and Gibbs, J. and Danforth, B. N. and Wagner, D. L. and Hedtke, S. M. and Winfree, R.},
  Journal = {Proceedings of the National Academy of Sciences},
  Number = {12},
  Pages = {4656--4660},
  Title = {Historical changes in northeastern US bee pollinators related to shared ecological traits},
  Volume = {110},
  Year = {2013},
  Doi = {10.1073/pnas.1218503110},
  Issn = {0027-8424},
  Url = {http://www.pnas.org/cgi/doi/10.1073/pnas.1218503110},
  Isbn = {1091-6490 (Electronic)$\backslash$n0027-8424 (Linking)},
  Pmid = {23487768},
  Archiveprefix = {arXiv},
  Arxivid = {AppendQ.pdf},
  Eprint = {AppendQ.pdf}
}


@Article{basler2016,
  Author = {Basler, David},
  Journal = {Agricultural and Forest Meteorology},
  Month = {feb},
  Pages = {10--21},
  Publisher = {Elsevier B.V.},
  Title = {Evaluating phenological models for the prediction of leaf-out dates in six temperate tree species across central Europe},
  Volume = {217},
  Year = {2016},
  Doi = {10.1016/j.agrformet.2015.11.007},
  Issn = {01681923},
  Url = {http://dx.doi.org/10.1016/j.agrformet.2015.11.007 http://linkinghub.elsevier.com/retrieve/pii/S0168192315007583},
  Isbn = {0168-1923},
  Keywords = {Bud burst,Chilling,Photoperiod,Process-based,Spring phenology,Temperature}
}


@Article{bauer2015,
  Author = {Bauer, Peter and Thorpe, Alan and Brunet, Gilbert},
  Journal = {Nature},
  Month = {sep},
  Number = {7567},
  Pages = {47--55},
  Title = {The quiet revolution of numerical weather prediction},
  Volume = {525},
  Year = {2015},
  Doi = {10.1038/nature14956},
  Issn = {0028-0836},
  Url = {http://www.nature.com/doifinder/10.1038/nature14956}
}


@Article{beatley1974,
  Author = {Beatley, Janice C.},
  Journal = {Ecology},
  Month = {mar},
  Number = {2},
  Pages = {245--261},
  Title = {Effects of Rainfall and Temperature on the Distribution and Behavior of Larrea Tridentata (Creosote-Bush) in the Mojave Desert of Nevada},
  Volume = {55},
  Year = {1974},
  Doi = {10.2307/1935214},
  Issn = {00129658},
  Url = {http://doi.wiley.com/10.2307/1935214}
}


@Article{bertin2015,
  Author = {Bertin, Robert I.},
  Journal = {International Journal of Plant Sciences},
  Month = {feb},
  Number = {2},
  Pages = {107--119},
  Title = {Climate Change and Flowering Phenology in Worcester County, Massachusetts},
  Volume = {176},
  Year = {2015},
  Doi = {10.1086/679619},
  Issn = {1058-5893},
  Url = {http://www.journals.uchicago.edu/doi/10.1086/679619 https://www.journals.uchicago.edu/doi/10.1086/679619},
  Isbn = {10585893},
  Keywords = {climate change,fl owering,massachusetts,phenology}
}


@Article{blumel2012,
  Author = {Bl{\"{u}}mel, Klaus and Chmielewski, Frank M.},
  Journal = {Agricultural and Forest Meteorology},
  Pages = {10--19},
  Publisher = {Elsevier B.V.},
  Title = {Shortcomings of classical phenological forcing models and a way to overcome them},
  Volume = {164},
  Year = {2012},
  Doi = {10.1016/j.agrformet.2012.05.001},
  Issn = {01681923},
  Url = {http://dx.doi.org/10.1016/j.agrformet.2012.05.001},
  Isbn = {0168-1923},
  Keywords = {Beginning of blossom,Climate change,Model comparison,Phenological modelling,Photoperiod,Spring-Warming model}
}


@Article{boettiger2015,
  Author = {Boettiger, Carl},
  Journal = {ACM SIGOPS Operating Systems Review},
  Month = {jan},
  Number = {1},
  Pages = {71--79},
  Title = {An introduction to Docker for reproducible research},
  Volume = {49},
  Year = {2015},
  Doi = {10.1145/2723872.2723882},
  Issn = {01635980},
  Url = {http://dl.acm.org/citation.cfm?doid=2723872.2723882}
}


@Article{Botta2000,
  Author = {Botta, A. and Viovy, N. and Ciais, P. and Friedlingstein, P. and Monfray, P.},
  Journal = {Global Change Biology},
  Month = {oct},
  Number = {7},
  Pages = {709--725},
  Title = {A global prognostic scheme of leaf onset using satellite data},
  Volume = {6},
  Year = {2000},
  Doi = {10.1046/j.1365-2486.2000.00362.x},
  Issn = {1354-1013},
  Url = {http://doi.wiley.com/10.1046/j.1365-2486.2000.00362.x}
}


@Article{bryan2018,
  Author = {Bryan, Jennifer},
  Journal = {The American Statistician},
  Month = {jan},
  Number = {1},
  Pages = {20--27},
  Title = {Excuse Me, Do You Have a Moment to Talk About Version Control?},
  Volume = {72},
  Year = {2018},
  Doi = {10.1080/00031305.2017.1399928},
  Issn = {0003-1305},
  Url = {https://www.tandfonline.com/doi/full/10.1080/00031305.2017.1399928}
}


@Article{calinger2013,
  Author = {Calinger, Kellen M. and Queenborough, Simon and Curtis, Peter S.},
  Editor = {Buckley, Yvonne},
  Journal = {Ecology Letters},
  Month = {aug},
  Number = {8},
  Pages = {1037--1044},
  Title = {Herbarium specimens reveal the footprint of climate change on flowering trends across north-central North America},
  Volume = {16},
  Year = {2013},
  Doi = {10.1111/ele.12135},
  Issn = {1461023X},
  Url = {http://doi.wiley.com/10.1111/ele.12135}
}


@Article{cannell1983,
  Author = {Cannell, M. G. R. and Smith, R. I.},
  Journal = {The Journal of Applied Ecology},
  Month = {dec},
  Number = {3},
  Pages = {951},
  Title = {Thermal Time, Chill Days and Prediction of Budburst in Picea sitchensis},
  Volume = {20},
  Year = {1983},
  Doi = {10.2307/2403139},
  Issn = {00218901},
  Url = {http://www.jstor.org/stable/2403139?origin=crossref}
}


@Article{caradonna2014,
  Author = {CaraDonna, Paul J. and Iler, Amy M. and Inouye, David W.},
  Journal = {Proceedings of the National Academy of Sciences},
  Month = {apr},
  Number = {13},
  Pages = {4916--4921},
  Title = {Shifts in flowering phenology reshape a subalpine plant community},
  Volume = {111},
  Year = {2014},
  Doi = {10.1073/pnas.1323073111},
  Issn = {0027-8424},
  Url = {http://www.pnas.org/lookup/doi/10.1073/pnas.1323073111}
}


@Article{carrassi2018,
  Author = {Carrassi, Alberto and Bocquet, Marc and Bertino, Laurent and Evensen, Geir},
  Journal = {Wiley Interdisciplinary Reviews: Climate Change},
  Month = {sep},
  Number = {5},
  Pages = {e535},
  Title = {Data assimilation in the geosciences: An overview of methods, issues, and perspectives},
  Volume = {9},
  Year = {2018},
  Doi = {10.1002/wcc.535},
  Issn = {17577780},
  Url = {http://doi.wiley.com/10.1002/wcc.535},
  Eprint = {1709.02798}
}


@Article{carrillo2018,
  Author = {Carrillo, Carlos M. and Ault, Toby R. and Wilks, Daniel S.},
  Journal = {Journal of Geophysical Research: Atmospheres},
  Month = {jun},
  Number = {11},
  Pages = {5913--5926},
  Title = {Spring Onset Predictability in the North American Multimodel Ensemble},
  Volume = {123},
  Year = {2018},
  Doi = {10.1029/2018JD028597},
  Issn = {2169897X},
  Url = {http://doi.wiley.com/10.1029/2018JD028597}
}


@Article{Chapman2015,
  Author = {Chapman, Daniel S and Bell, Sandra and Helfer, Stephan and Roy, David B},
  Journal = {Biological Journal of the Linnean Society},
  Month = {jul},
  Number = {3},
  Pages = {543--554},
  Title = {Unbiased inference of plant flowering phenology from biological recording data},
  Volume = {115},
  Year = {2015},
  Doi = {10.1111/bij.12515},
  Issn = {00244066},
  Url = {https://academic.oup.com/biolinnean/article-lookup/doi/10.1111/bij.12515}
}


@Article{chen2011,
  Author = {Chen, Yang and Randerson, James T and Morton, Douglas C and DeFries, R. S. and Collatz, G James and Kasibhatla, Prasad S and Giglio, Louis and Jin, Yufang and Marlier, Miriam E},
  Journal = {Science},
  Month = {nov},
  Number = {6057},
  Pages = {787--791},
  Title = {Forecasting Fire Season Severity in South America Using Sea Surface Temperature Anomalies},
  Volume = {334},
  Year = {2011},
  Doi = {10.1126/science.1209472},
  Issn = {0036-8075},
  Url = {http://www.sciencemag.org/cgi/doi/10.1126/science.1209472}
}


@Article{chuine2000,
  Author = {Chuine, Isabelle},
  Journal = {Journal of Theoretical Biology},
  Month = {dec},
  Number = {3},
  Pages = {337--347},
  Title = {A Unified Model for Budburst of Trees},
  Volume = {207},
  Year = {2000},
  Doi = {10.1006/jtbi.2000.2178},
  Issn = {00225193},
  Url = {http://linkinghub.elsevier.com/retrieve/pii/S0022519300921787},
  Isbn = {0022-5193},
  Pmid = {11082304}
}


@Incollection{chuine2013,
  Address = {Dordrecht},
  Author = {Chuine, Isabelle and de Cortazar-Atauri, I{\~{n}}aki Garcia and Kramer, Koen and H{\"{a}}nninen, Heikki},
  Booktitle = {Phenology: An Integrative Environmental Science},
  Editor = {Schwartz, Mark D.},
  Pages = {275--293},
  Publisher = {Springer Netherlands},
  Title = {Plant Development Models},
  Year = {2013},
  Doi = {10.1007/978-94-007-6925-0_15},
  Issn = {1095-5674},
  Url = {http://link.springer.com/10.1007/978-94-007-6925-0_15},
  Isbn = {9789400769250},
  Pmid = {25246403},
  Archiveprefix = {arXiv},
  Arxivid = {arXiv:1011.1669v3},
  Eprint = {arXiv:1011.1669v3}
}


@Article{chuine2016,
  Author = {Chuine, Isabelle and Bonhomme, Marc and Legave, Jean Michel and {Garc{\'{i}}a de Cort{\'{a}}zar-Atauri}, I{\~{n}}aki and Charrier, Guillaume and Lacointe, Andr{\'{e}} and Am{\'{e}}glio, Thierry},
  Journal = {Global Change Biology},
  Number = {10},
  Pages = {3444--3460},
  Title = {Can phenological models predict tree phenology accurately in the future? The unrevealed hurdle of endodormancy break},
  Volume = {22},
  Year = {2016},
  Doi = {10.1111/gcb.13383},
  Issn = {13652486},
  Isbn = {1365-2486},
  Keywords = {Juglans regia,Prunus armeniaca,Prunus persica,budbreak,climate change impact,endodormancy break,flowering,process-based phenological models},
  Pmid = {27272707}
}


@Article{chuine2017,
  Author = {Chuine, Isabelle and R{\'{e}}gni{\`{e}}re, Jacques},
  Journal = {Annual Review of Ecology, Evolution, and Systematics},
  Month = {nov},
  Number = {1},
  Pages = {159--182},
  Title = {Process-Based Models of Phenology for Plants and Animals},
  Volume = {48},
  Year = {2017},
  Doi = {10.1146/annurev-ecolsys-110316-022706},
  Issn = {1543-592X},
  Url = {http://www.annualreviews.org/doi/10.1146/annurev-ecolsys-110316-022706},
  Keywords = {annual cycle,diapause,dormancy,environmental control,extratropical species,parameter estimation,response functions}
}


@Article{clark2001,
  Author = {Clark, James S. and Carpenter, S R and Barber, M and Collins, S and Dobson, A and Foley, J A and Lodge, D M and Pascual, M and Pielke, R and Pizer, W and Pringle, C and Reid, W V and Rose, K A and Sala, O and Schlesinger, W H and Wall, D H and Wear, D},
  Journal = {Science (New York, N.Y.)},
  Month = {jul},
  Number = {5530},
  Pages = {657--60},
  Title = {Ecological forecasts: an emerging imperative.},
  Volume = {293},
  Year = {2001},
  Doi = {10.1126/science.293.5530.657},
  Issn = {0036-8075},
  Url = {http://www.sciencemag.org/cgi/doi/10.1126/science.293.5530.657 http://www.ncbi.nlm.nih.gov/pubmed/11474103},
  Isbn = {0036-8075},
  Keywords = {Agriculture,Animals,Decision Making,Disease Outbreaks,Ecology,Ecosystem,Epidemiology,Forecasting,Humans,Policy Making,Population Growth,Stochastic Processes},
  Pmid = {11474103}
}


@Article{clark2011,
  Author = {Clark, Robert M. and Thompson, Roy},
  Journal = {Plant Ecology {\&} Diversity},
  Month = {jun},
  Number = {2-3},
  Pages = {189--200},
  Title = {Estimation and comparison of flowering curves},
  Volume = {4},
  Year = {2011},
  Doi = {10.1080/17550874.2011.580382},
  Issn = {1755-0874},
  Url = {http://www.tandfonline.com/doi/abs/10.1080/17550874.2011.580382}
}


@Article{clark2014,
  Author = {Clark, James S. and Melillo, Jerry and Mohan, Jacqueline and Salk, Carl},
  Journal = {Global Change Biology},
  Month = {apr},
  Number = {4},
  Pages = {1136--1145},
  Title = {The seasonal timing of warming that controls onset of the growing season},
  Volume = {20},
  Year = {2014},
  Doi = {10.1111/gcb.12420},
  Issn = {13541013},
  Url = {http://doi.wiley.com/10.1111/gcb.12420}
}


@Article{clark2014a,
  Author = {Clark, James S. and Melillo, Jerry and Mohan, Jacqueline and Salk, Carl},
  Journal = {Global Change Biology},
  Month = {apr},
  Number = {4},
  Pages = {1136--1145},
  Title = {The seasonal timing of warming that controls onset of the growing season},
  Volume = {20},
  Year = {2014},
  Doi = {10.1111/gcb.12420},
  Issn = {13541013},
  Url = {http://doi.wiley.com/10.1111/gcb.12420}
}


@Article{clark2014b,
  Author = {Clark, James S. and Salk, Carl and Melillo, Jerry and Mohan, Jacqueline},
  Editor = {Anten, Niels},
  Journal = {Functional Ecology},
  Month = {dec},
  Number = {6},
  Pages = {1344--1355},
  Title = {Tree phenology responses to winter chilling, spring warming, at north and south range limits},
  Volume = {28},
  Year = {2014},
  Doi = {10.1111/1365-2435.12309},
  Issn = {02698463},
  Url = {http://doi.wiley.com/10.1111/1365-2435.12309},
  Isbn = {1365-2435},
  Keywords = {Degree-day models,Forests,Hidden Markov model,Phenology,Warming,need to read}
}


@Article{cleland2007,
  Author = {Cleland, E and Chuine, I and Menzel, A and Mooney, H and Schwartz, M},
  Journal = {Trends in Ecology & Evolution},
  Month = {jul},
  Number = {7},
  Pages = {357--365},
  Title = {Shifting plant phenology in response to global change},
  Volume = {22},
  Year = {2007},
  Doi = {10.1016/j.tree.2007.04.003},
  Issn = {01695347},
  Url = {http://linkinghub.elsevier.com/retrieve/pii/S0169534707001309}
}


@Article{cook2010,
  Author = {Cook, Benjamin I and Terando, Adam and Steiner, Allison},
  Journal = {Environmental Research Letters},
  Month = {oct},
  Number = {4},
  Pages = {044014},
  Title = {Ecological forecasting under climatic data uncertainty: a case study in phenological modeling},
  Volume = {5},
  Year = {2010},
  Doi = {10.1088/1748-9326/5/4/044014},
  Issn = {1748-9326},
  Url = {http://stacks.iop.org/1748-9326/5/i=4/a=044014?key=crossref.6264c4be795a491c588d949225fad60c},
  Isbn = {1748-9326},
  Keywords = {climate,ecology,forecasting 1.}
}


@Article{cook2012,
  Author = {Cook, B. I. and Wolkovich, E. M. and Parmesan, C.},
  Journal = {Proceedings of the National Academy of Sciences},
  Month = {jun},
  Number = {23},
  Pages = {9000--9005},
  Title = {Divergent responses to spring and winter warming drive community level flowering trends},
  Volume = {109},
  Year = {2012},
  Doi = {10.1073/pnas.1118364109},
  Issn = {0027-8424},
  Url = {http://www.pnas.org/cgi/doi/10.1073/pnas.1118364109},
  Isbn = {0027-8424},
  Pmid = {22615406}
}


@Article{Cornelius2011,
  Author = {Cornelius, Christine and Petermeier, Hannes and Estrella, Nicole and Menzel, Annette},
  Journal = {International Journal of Biometeorology},
  Month = {nov},
  Number = {6},
  Pages = {867--877},
  Title = {A comparison of methods to estimate seasonal phenological development from BBCH scale recording},
  Volume = {55},
  Year = {2011},
  Doi = {10.1007/s00484-011-0421-x},
  Issn = {0020-7128},
  Url = {http://link.springer.com/10.1007/s00484-011-0421-x},
  Isbn = {0020-7128},
  Keywords = {dates,flowering,grassland,observation key,onset,sampling frequency},
  Pmid = {21479619}
}


@Article{cosentino2014,
  Author = {Cosentino, Bradley J. and Marsh, David M. and Jones, Kara S. and Apodaca, Joseph J. and Bates, Christopher and Beach, Jessica and Beard, Karen H. and Becklin, Kelsie and Bell, Jane Margaret and Crockett, Christopher and Fawson, George and Fjelsted, Jennifer and Forys, Elizabeth A. and Genet, Kristen S. and Grover, Melanie and Holmes, Jaimie and Indeck, Katherine and Karraker, Nancy E. and Kilpatrick, Eran S. and Langen, Tom A. and Mugel, Stephen G. and Molina, Alessandro and Vonesh, James R. and Weaver, Ryan J. and Willey, Anisha},
  Journal = {Biological Conservation},
  Month = {dec},
  Pages = {31--38},
  Title = {Citizen science reveals widespread negative effects of roads on amphibian distributions},
  Volume = {180},
  Year = {2014},
  Doi = {10.1016/j.biocon.2014.09.027},
  Issn = {00063207},
  Url = {http://linkinghub.elsevier.com/retrieve/pii/S0006320714003449}
}


@Article{crimmins2017,
  Author = {Crimmins, Theresa M. and Crimmins, Michael A and Gerst, Katharine L and Rosemartin, Alyssa H. and Weltzin, Jake F},
  Editor = {Rossi, Sergio},
  Journal = {PLOS ONE},
  Month = {aug},
  Number = {8},
  Pages = {e0182919},
  Title = {USA National Phenology Network's volunteer-contributed observations yield predictive models of phenological transitions},
  Volume = {12},
  Year = {2017},
  Doi = {10.1371/journal.pone.0182919},
  Issn = {1932-6203},
  Url = {http://dx.plos.org/10.1371/journal.pone.0182919},
  Isbn = {1111111111}
}


@Article{daru2018,
  Author = {Daru, Barnabas H. and Park, Daniel S. and Primack, Richard B. and Willis, Charles G. and Barrington, David S. and Whitfeld, Timothy J. S. and Seidler, Tristram G. and Sweeney, Patrick W. and Foster, David R. and Ellison, Aaron M. and Davis, Charles C.},
  Journal = {New Phytologist},
  Month = {jan},
  Number = {2},
  Pages = {939--955},
  Title = {Widespread sampling biases in herbaria revealed from large-scale digitization},
  Volume = {217},
  Year = {2018},
  Doi = {10.1111/nph.14855},
  Issn = {0028646X},
  Url = {http://doi.wiley.com/10.1111/nph.14855}
}


@Misc{dask,
  Author = {{Dask Development Team}},
  Title = {Dask: Library for dynamic task scheduling},
  Year = {2016},
  Url = {https://dask.org}
}


@Techreport{datasciencereport2017,
  Author = {CrowdFlower},
  Title = {2017 Data Scientist Report},
  Year = {2017},
  Url = {https://visit.figure-eight.com/rs/416-ZBE-142/images/CrowdFlower{\_}DataScienceReport.pdf},
  Keywords = {data science jobs}
}


@Article{davis2015,
  Author = {Davis, Charles C and Willis, Charles G and Connolly, Bryan and Kelly, Courtland and Ellison, Aaron M},
  Journal = {American Journal of Botany},
  Month = {oct},
  Number = {10},
  Pages = {1599--1609},
  Title = {Herbarium records are reliable sources of phenological change driven by climate and provide novel insights into species' phenological cueing mechanisms},
  Volume = {102},
  Year = {2015},
  Doi = {10.3732/ajb.1500237},
  Issn = {00029122},
  Url = {http://doi.wiley.com/10.3732/ajb.1500237},
  Keywords = {2002,2003,2006,changes in phenological events,climate change,climate variability,e,global climatic change on,herbarium specimens,i,museum collections,organisms have been,parmesan,phenology,root et al,th e impacts of,the,walther et al,well documented in recent,years}
}


@Article{dekeyzer2017,
  Author = {{de Keyzer}, Charlotte W. and Rafferty, Nicole E. and Inouye, David W. and Thomson, James D.},
  Journal = {Global Change Biology},
  Month = {may},
  Number = {5},
  Pages = {1783--1791},
  Title = {Confounding effects of spatial variation on shifts in phenology},
  Volume = {23},
  Year = {2017},
  Doi = {10.1111/gcb.13472},
  Issn = {13541013},
  Url = {http://doi.wiley.com/10.1111/gcb.13472}
}


@Article{denny2014,
  Author = {Denny, Ellen G. and Gerst, Katharine L. and Miller-Rushing, Abraham J. and Tierney, Geraldine L. and Crimmins, Theresa M. and Enquist, Carolyn A. F. and Guertin, Patricia and Rosemartin, Alyssa H. and Schwartz, Mark D. and Thomas, Kathryn A. and Weltzin, Jake F.},
  Journal = {International Journal of Biometeorology},
  Month = {may},
  Number = {4},
  Pages = {591--601},
  Title = {Standardized phenology monitoring methods to track plant and animal activity for science and resource management applications},
  Volume = {58},
  Year = {2014},
  Doi = {10.1007/s00484-014-0789-5},
  Issn = {0020-7128},
  Url = {http://link.springer.com/10.1007/s00484-014-0789-5}
}


@Article{dickinson2010,
  Author = {Dickinson, Janis and Zuckerberg, Benjamin and Bonter, David},
  Journal = {Annual Review of Ecology, Evolution and Systematics},
  Number = {1},
  Pages = {149--172},
  Title = {Citizen Science as an Ecological Research Tool: Challenges and Benefits},
  Volume = {41},
  Year = {2010},
  Doi = {10.1146/annurev-ecolsys-102209-144636},
  Issn = {1543-592X},
  Url = {http://dx.doi.org/10.1146/annurev-ecolsys-102209-144636},
  Isbn = {1543-592X 978-0-8243-1441-5},
  Keywords = {biodiversity,climate change,crowdsourcing,ecology,fragmentation,geographical,habitat loss,invasive species,macroecology,monitoring,observer,population ecology,quality,sampling bias,sampling error,spatial ecology}
}


@Book{dietz2017,
  Author = {Dietze, Michael C},
  Publisher = {Princeton University Press},
  Title = {Ecological Forecasting},
  Year = {2017}
}


@Article{dietze2017,
  Author = {Dietze, Michael C.},
  Journal = {Ecological Applications},
  Month = {oct},
  Number = {7},
  Pages = {2048--2060},
  Title = {Prediction in ecology: a first-principles framework},
  Volume = {27},
  Year = {2017},
  Doi = {10.1002/eap.1589},
  Issn = {10510761},
  Url = {http://doi.wiley.com/10.1002/eap.1589},
  Keywords = {ecological forecasting,endogenous,exogenous,net ecosystem exchange,parameter,process error,random effects,scale,stability,uncertainty}
}


@Article{dietze2018,
  Author = {Dietze, Michael C. and Fox, Andrew and Beck-Johnson, Lindsay M. and Betancourt, Julio L. and Hooten, Mevin B. and Jarnevich, Catherine S. and Keitt, Timothy H. and Kenney, Melissa A. and Laney, Christine M. and Larsen, Laurel G. and Loescher, Henry W. and Lunch, Claire K. and Pijanowski, Bryan C. and Randerson, James T. and Read, Emily K. and Tredennick, Andrew T. and Vargas, Rodrigo and Weathers, Kathleen C. and White, Ethan P.},
  Journal = {Proceedings of the National Academy of Sciences},
  Month = {feb},
  Number = {7},
  Pages = {1424--1432},
  Title = {Iterative near-term ecological forecasting: Needs, opportunities, and challenges},
  Volume = {115},
  Year = {2018},
  Doi = {10.1073/pnas.1710231115},
  Issn = {0027-8424},
  Url = {http://www.pnas.org/lookup/doi/10.1073/pnas.1710231115}
}


@Article{diez2012,
  Author = {Diez, Jeffrey M. and Ib{\'{a}}{\~{n}}ez, In{\'{e}}s and Miller-Rushing, Abraham J. and Mazer, Susan J. and Crimmins, Theresa M. and Crimmins, Michael A. and Bertelsen, C. David and Inouye, David W.},
  Journal = {Ecology Letters},
  Month = {jun},
  Number = {6},
  Pages = {545--553},
  Title = {Forecasting phenology: from species variability to community patterns},
  Volume = {15},
  Year = {2012},
  Doi = {10.1111/j.1461-0248.2012.01765.x},
  Issn = {1461023X},
  Url = {http://doi.wiley.com/10.1111/j.1461-0248.2012.01765.x}
}


@Article{dormann2018,
  Author = {Dormann, Carsten F. and Calabrese, Justin M. and Guillera-Arroita, Gurutzeta and Matechou, Eleni and Bahn, Volker and Barto{\'{n}}, Kamil and Beale, Colin M. and Ciuti, Simone and Elith, Jane and Gerstner, Katharina and Guelat, J{\'{e}}r{\^{o}}me and Keil, Petr and Lahoz-Monfort, Jos{\'{e}} J. and Pollock, Laura J. and Reineking, Bj{\"{o}}rn and Roberts, David R. and Schr{\"{o}}der, Boris and Thuiller, Wilfried and Warton, David I. and Wintle, Brendan A. and Wood, Simon N. and W{\"{u}}est, Rafael O. and Hartig, Florian},
  Journal = {Ecological Monographs},
  Month = {jun},
  Number = {0},
  Pages = {1--20},
  Title = {Model averaging in ecology: a review of Bayesian, information-theoretic, and tactical approaches for predictive inference},
  Volume = {0},
  Year = {2018},
  Doi = {10.1002/ecm.1309},
  Issn = {00129615},
  Url = {http://doi.wiley.com/10.1002/ecm.1309},
  Keywords = {aic weights,averaging,ensemble,model averaging,model combination,nominal coverage,prediction,uncertainty}
}


@Misc{dplyr,
  Author = {Wickham, Hadley and Francois, Romain and Henry, Lionel and M{\"{u}}ller, Kirill},
  Title = {dplyr: A Grammar of Data Manipulation},
  Year = {2017},
  Url = {https://cran.r-project.org/package=dplyr}
}


@Article{elmendorf2016,
  Author = {Elmendorf, Sarah C. and Jones, Katherine D. and Cook, Benjamin I. and Diez, Jeffrey M. and Enquist, Carolyn A. F. and Hufft, Rebecca A. and Jones, Matthew O. and Mazer, Susan J. and Miller-Rushing, Abraham J. and Moore, David J. P. and Schwartz, Mark D. and Weltzin, Jake F.},
  Editor = {Hinckley, E.-L.},
  Journal = {Ecosphere},
  Month = {apr},
  Number = {4},
  Pages = {e01303},
  Title = {The plant phenology monitoring design for The National Ecological Observatory Network},
  Volume = {7},
  Year = {2016},
  Doi = {10.1002/ecs2.1303},
  Issn = {21508925},
  Url = {http://doi.wiley.com/10.1002/ecs2.1303}
}


@Article{feldman2018,
  Author = {Feldman, Richard E. and {\v{Z}}emaitė, Irma and Miller-Rushing, Abraham J.},
  Journal = {International Journal of Biometeorology},
  Month = {aug},
  Number = {8},
  Pages = {1421--1435},
  Title = {How training citizen scientists affects the accuracy and precision of phenological data},
  Volume = {62},
  Year = {2018},
  Doi = {10.1007/s00484-018-1540-4},
  Issn = {0020-7128},
  Url = {http://link.springer.com/10.1007/s00484-018-1540-4}
}


@Article{fink2010,
  Author = {Fink, Daniel and Hochachka, Wesley M. and Zuckerberg, Benjamin and Winkler, David W. and Shaby, Ben and Munson, M. Arthur and Hooker, Giles and Riedewald, Mirek and Sheldon, Daniel and Kelling, Steve},
  Journal = {Ecological Applications},
  Month = {dec},
  Number = {8},
  Pages = {2131--2147},
  Title = {Spatiotemporal exploratory models for broad-scale survey data},
  Volume = {20},
  Year = {2010},
  Doi = {10.1890/09-1340.1},
  Issn = {1051-0761},
  Url = {http://doi.wiley.com/10.1890/09-1340.1},
  Isbn = {1051-0761},
  Keywords = {Citizen science,Ensemble model,Exploratory analysis,Multiscale,Sample bias,Semiparametric,Spatiotemporal,Survey data},
  Pmid = {21265447}
}


@Article{forrest2010,
  Author = {Forrest, Jessica and Miller-Rushing, A. J.},
  Journal = {Philosophical Transactions of the Royal Society B: Biological Sciences},
  Month = {oct},
  Number = {1555},
  Pages = {3101--3112},
  Title = {Toward a synthetic understanding of the role of phenology in ecology and evolution},
  Volume = {365},
  Year = {2010},
  Doi = {10.1098/rstb.2010.0145},
  Issn = {0962-8436},
  Url = {http://rstb.royalsocietypublishing.org/cgi/doi/10.1098/rstb.2010.0145},
  Keywords = {Biological Evolution,Climate,Ecosystem,Seasons,climate change,life history,natural selection,phenology,synchrony},
  Pmid = {20819806}
}


@Article{forrest2016,
  Author = {Forrest, Jessica RK},
  Journal = {Current Opinion in Insect Science},
  Month = {oct},
  Pages = {49--54},
  Publisher = {Elsevier Inc.},
  Title = {Complex responses of insect phenology to climate change},
  Volume = {17},
  Year = {2016},
  Doi = {10.1016/j.cois.2016.07.002},
  Issn = {22145745},
  Url = {http://dx.doi.org/10.1016/j.cois.2016.07.002 https://linkinghub.elsevier.com/retrieve/pii/S221457451630089X},
  Isbn = {2214-5745},
  Pmid = {27720073}
}


@Article{fowler2007,
  Author = {Fowler, H. J. and Blenkinsop, S. and Tebaldi, C.},
  Journal = {International Journal of Climatology},
  Month = {oct},
  Number = {12},
  Pages = {1547--1578},
  Title = {Linking climate change modelling to impacts studies: recent advances in downscaling techniques for hydrological modelling},
  Volume = {27},
  Year = {2007},
  Doi = {10.1002/joc.1556},
  Issn = {08998418},
  Url = {http://doi.wiley.com/10.1002/joc.1556}
}


@Article{Friedl2014,
  Author = {Friedl, Mark A and Gray, Josh M and Melaas, Eli K and Richardson, Andrew D and Hufkens, Koen and Keenan, Trevor F and Bailey, Amey and O'Keefe, John},
  Journal = {Environmental Research Letters},
  Month = {may},
  Number = {5},
  Pages = {054006},
  Title = {A tale of two springs: using recent climate anomalies to characterize the sensitivity of temperate forest phenology to climate change},
  Volume = {9},
  Year = {2014},
  Doi = {10.1088/1748-9326/9/5/054006},
  Issn = {1748-9326},
  Url = {http://stacks.iop.org/1748-9326/9/i=5/a=054006?key=crossref.dbfee3fd2472a71e55097052dd919590}
}


@Article{fuccillo2015,
  Author = {Fuccillo, Kerissa K. and Crimmins, Theresa M. and de Rivera, Catherine E. and Elder, Timothy S.},
  Journal = {International Journal of Biometeorology},
  Number = {7},
  Pages = {917--926},
  Title = {Assessing accuracy in citizen science-based plant phenology monitoring},
  Volume = {59},
  Year = {2015},
  Doi = {10.1007/s00484-014-0892-7},
  Issn = {00207128},
  Isbn = {0020-7128},
  Keywords = {Citizen science,Data accuracy,Nature's Notebook,Phenology,Protocols,USA National Phenology Network},
  Pmid = {25179528}
}


@Article{garcia-mozo2008,
  Author = {Garc{\'{i}}a-Mozo, H. and Chuine, I. and Aira, M.J. and Belmonte, J. and Bermejo, D. and {D{\'{i}}az de la Guardia}, C. and Elvira, B. and Guti{\'{e}}rrez, M. and Rodr{\'{i}}guez-Rajo, J. and Ruiz, L. and Trigo, M.M. and Tormo, R. and Valencia, R. and Gal{\'{a}}n, C.},
  Journal = {Agricultural and Forest Meteorology},
  Month = {mar},
  Number = {3},
  Pages = {372--380},
  Title = {Regional phenological models for forecasting the start and peak of the Quercus pollen season in Spain},
  Volume = {148},
  Year = {2008},
  Doi = {10.1016/j.agrformet.2007.09.013},
  Issn = {01681923},
  Url = {http://linkinghub.elsevier.com/retrieve/pii/S0168192307002602}
}


@Article{gerst2016,
  Author = {Gerst, Katharine L. and Kellermann, Jherime L. and Enquist, Carolyn A. F. and Rosemartin, Alyssa H. and Denny, Ellen G.},
  Journal = {International Journal of Biometeorology},
  Month = {mar},
  Number = {3},
  Pages = {391--400},
  Title = {Estimating the onset of spring from a complex phenology database: trade-offs across geographic scales},
  Volume = {60},
  Year = {2016},
  Doi = {10.1007/s00484-015-1036-4},
  Issn = {0020-7128},
  Url = {http://link.springer.com/10.1007/s00484-015-1036-4}
}


@Article{gerst2017,
  Author = {Gerst, Katharine L. and Rossington, Natalie L. and Mazer, Susan J.},
  Journal = {Journal of Ecology},
  Month = {mar},
  Number = {1},
  Pages = {42--49},
  Title = {Phenological responsiveness to climate differs among four species of Quercus in North America},
  Volume = {38},
  Year = {2017},
  Doi = {10.1111/1365-2745.12774},
  Issn = {00220477},
  Url = {http://doi.wiley.com/10.1111/1365-2745.12774},
  Isbn = {4955139574},
  Keywords = {Cutoff criteria,D-dimer,Recurrence,Venous thromboembolism},
  Pmid = {28199780}
}


@Book{ggplot2,
  Author = {Wickham, Hadley},
  Publisher = {Springer-Verlag New York},
  Title = {ggplot2: Elegant Graphics for Data Analysis},
  Year = {2016},
  Url = {http://ggplot2.org},
  Isbn = {978-3-319-24277-4}
}


@misc{ggridges,
  Author = {Wilke, Claus O.},
  Title = {{ggridges}: Ridgeline Plots in 'ggplot2'. {R} package version 0.5.1},
  Year = {2018},
  Url = {https://cran.r-project.org/package=ggridges}
}


@Article{hampton2017,
  Author = {Hampton, Stephanie E. and Jones, Matthew B. and Wasser, Leah A. and Schildhauer, Mark P. and Supp, Sarah R. and Brun, Julien and Hernandez, Rebecca R. and Boettiger, Carl and Collins, Scott L. and Gross, Louis J. and Fern{\'{a}}ndez, Denny S. and Budden, Amber and White, Ethan P. and Teal, Tracy K. and Labou, Stephanie G. and Aukema, Juliann E.},
  Journal = {BioScience},
  Month = {jun},
  Number = {6},
  Pages = {546--557},
  Title = {Skills and Knowledge for Data-Intensive Environmental Research},
  Volume = {67},
  Year = {2017},
  Doi = {10.1093/biosci/bix025},
  Issn = {0006-3568},
  Url = {https://academic.oup.com/bioscience/article/67/6/546/3784601},
  Keywords = {computing,data management,ecology,informatics,workforce development},
  Pmid = {15726540}
}


@Article{hanks2018,
  Author = {Hanks, Ephraim M. and Hooten, Mevin B. and Baker, Fred A.},
  Journal = {Ecological Applications},
  Number = {4},
  Pages = {1173--1188},
  Title = {Reconciling multiple data sources to improve accuracy of large-scale prediction of forest disease incidence},
  Volume = {21},
  Year = {2011},
  Doi = {10.1890/09-1549.1},
  Issn = {10510761},
  Isbn = {1051-0761},
  Keywords = {Arceuthobium pusillum,Bayesian hierarchical models,Black spruce,Disease monitoring,Dwarf mistletoe,Multiple data sources,Northern Minnesota,Picea mariana,Spatial autocorrelation,USA},
  Pmid = {21774422}
}


@Article{hannerz2003,
  Author = {Hannerz, M and Norell, I Ekberg L},
  Journal = {Silvae Genetica},
  Number = {3-4},
  Title = {Variation in chilling requirements for completing bud rest between provenances of Norway spruce},
  Volume = {52},
  Year = {2003}
}


@Article{hitch2007,
  Author = {Hitch, Alan T. and Leberg, Paul L.},
  Journal = {Conservation Biology},
  Month = {apr},
  Number = {2},
  Pages = {534--539},
  Title = {Breeding Distributions of North American Bird Species Moving North as a Result of Climate Change},
  Volume = {21},
  Year = {2007},
  Doi = {10.1111/j.1523-1739.2006.00609.x},
  Issn = {0888-8892},
  Url = {http://doi.wiley.com/10.1111/j.1523-1739.2006.00609.x}
}


@Article{houlahan2017,
  Author = {Houlahan, Jeff E and McKinney, Shawn T. and Anderson, T. Michael and McGill, Brian J.},
  Journal = {Oikos},
  Month = {jan},
  Number = {1},
  Pages = {1--7},
  Title = {The priority of prediction in ecological understanding},
  Volume = {126},
  Year = {2017},
  Doi = {10.1111/oik.03726},
  Issn = {00301299},
  Url = {http://doi.wiley.com/10.1111/oik.03726}
}


@Misc{hoyer2015,
  Author = {Hoyer, Stephan},
  Title = {xray + dask: out-of-core, labeled arrays in Python},
  Year = {2015},
  Url = {http://stephanhoyer.com/2015/06/11/xray-dask-out-of-core-labeled-arrays/},
  Urldate = {2018-11-20}
}


@Article{hunter1992,
  Author = {Hunter, Alison F and Lechowicz, Martin J},
  Journal = {The Journal of Applied Ecology},
  Number = {3},
  Pages = {597},
  Title = {Predicting the Timing of Budburst in Temperate Trees},
  Volume = {29},
  Year = {1992},
  Doi = {10.2307/2404467},
  Issn = {00218901},
  Url = {https://www.jstor.org/stable/2404467?origin=crossref}
}


@Article{Ibanez2010,
  Author = {Ib{\'{a}}{\~{n}}ez, In{\'{e}}s and Primack, Richard B and Miller-Rushing, Abraham J and Ellwood, Elizabeth and Higuchi, Hiroyoshi and Lee, Sang Don and Kobori, Hiromi and Silander, John A},
  Journal = {Philosophical transactions of the Royal Society of London. Series B, Biological sciences},
  Number = {1555},
  Pages = {3247--60},
  Title = {Forecasting phenology under global warming.},
  Volume = {365},
  Year = {2010},
  Doi = {10.1098/rstb.2010.0120},
  Issn = {1471-2970},
  Url = {http://www.pubmedcentral.nih.gov/articlerender.fcgi?artid=2981942&tool=pmcentrez&rendertype=abstract},
  Isbn = {1471-2970 (Electronic)\r0962-8436 (Linking)},
  Keywords = {Climate Change,Ecosystem,Japan,Models, Biological,Plant Development,Plant Leaves,Plant Leaves: physiology,Regression Analysis,Seasons},
  Pmid = {20819816}
}


@Article{iler2013,
  Author = {Iler, Amy M and H{\o}ye, Toke T and Inouye, David W and Schmidt, Niels M},
  Journal = {Philosophical Transactions of the Royal Society of London},
  Number = {1624},
  Pages = {20120489},
  Title = {Nonlinear flowering responses to climate: are species approaching their limits of phenological change?},
  Volume = {368},
  Year = {2013},
  Doi = {10.1098/rstb.2012.0489},
  Issn = {1471-2970},
  Url = {http://www.ncbi.nlm.nih.gov/pubmed/23836793},
  Isbn = {0962-8436},
  Pmid = {23836793}
}


@Article{ison2014,
  Author = {Ison, Jennifer L. and Wagenius, Stuart},
  Editor = {Jacquemyn, Hans},
  Journal = {Journal of Ecology},
  Month = {jul},
  Number = {4},
  Pages = {920--929},
  Title = {Both flowering time and distance to conspecific plants affect reproduction in Echinacea angustifolia , a common prairie perennial},
  Volume = {102},
  Year = {2014},
  Doi = {10.1111/1365-2745.12262},
  Issn = {00220477},
  Url = {http://doi.wiley.com/10.1111/1365-2745.12262},
  Isbn = {0022-0477},
  Keywords = {Allee effect,Edge effect,Flowering phenology,Habitat fragmentation,Pollen limitation,Reproductive ecology,Seed set,Spatial isolation,Tallgrass prairie}
}


@Article{Jenkins2002,
  Author = {Jenkins, J. P. and Braswell, B. H. and Frolking, S. E. and Aber, J. D.},
  Journal = {Geophysical Research Letters},
  Month = {dec},
  Number = {24},
  Pages = {54--1--54--4},
  Title = {Detecting and predicting spatial and interannual patterns of temperate forest springtime phenology in the eastern U.S.},
  Volume = {29},
  Year = {2002},
  Doi = {10.1029/2001GL014008},
  Issn = {00948276},
  Url = {http://doi.wiley.com/10.1029/2001GL014008}
}


@Article{jeong2013,
  Author = {Jeong, Su-Jong and Medvigy, David and Shevliakova, Elena and Malyshev, Sergey},
  Journal = {Geophysical Research Letters},
  Month = {jan},
  Number = {2},
  Pages = {359--364},
  Title = {Predicting changes in temperate forest budburst using continental-scale observations and models},
  Volume = {40},
  Year = {2013},
  Doi = {10.1029/2012Gl054431},
  Issn = {00948276},
  Url = {http://doi.wiley.com/10.1029/2012Gl054431},
  Isbn = {0094-8276}
}


@Article{Jones2018,
  Author = {Jones, Casey A. and Daehler, Curtis C.},
  Journal = {PeerJ},
  Number = {1993},
  Pages = {e4576},
  Title = {Herbarium specimens can reveal impacts of climate change on plant phenology; a review of methods and applications},
  Volume = {6},
  Year = {2018},
  Doi = {10.7717/peerj.4576},
  Issn = {2167-8359},
  Url = {https://peerj.com/articles/4576},
  Keywords = {accepted 16 march 2018,climate change,herbarium specimens,methods,phenology,published 3 april 2018,submitted 22 november 2017}
}


@Article{Keenan2014,
  Author = {Keenan, Trevor F. and Gray, Josh and Friedl, Mark A. and Toomey, Michael and Bohrer, Gil and Hollinger, David Y. and Munger, J. William and O'Keefe, John and Schmid, Hans Peter and Wing, Ian Sue and Yang, Bai and Richardson, Andrew D.},
  Journal = {Nature Climate Change},
  Month = {jun},
  Number = {7},
  Pages = {598--604},
  Title = {Net carbon uptake has increased through warming-induced changes in temperate forest phenology},
  Volume = {4},
  Year = {2014},
  Doi = {10.1038/nclimate2253},
  Issn = {1758-678X},
  Url = {http://www.nature.com/doifinder/10.1038/nclimate2253}
}


@Article{kelling2009,
  Author = {Kelling, Steve and Hochachka, Wesley M. and Fink, Daniel and Riedewald, Mirek and Caruana, Rich and Ballard, Grant and Hooker, Giles},
  Journal = {BioScience},
  Month = {jul},
  Number = {7},
  Pages = {613--620},
  Title = {Data-intensive Science: A New Paradigm for Biodiversity Studies},
  Volume = {59},
  Year = {2009},
  Doi = {10.1525/bio.2009.59.7.12},
  Issn = {0006-3568},
  Url = {https://academic.oup.com/bioscience/article-lookup/doi/10.1525/bio.2009.59.7.12}
}


@Article{kramer1995,
  Author = {Kramer, K.},
  Journal = {Plant, Cell and Environment},
  Month = {feb},
  Number = {2},
  Pages = {93--104},
  Title = {Phenotypic plasticity of the phenology of seven European tree species in relation to climatic warming},
  Volume = {18},
  Year = {1995},
  Doi = {10.1111/j.1365-3040.1995.tb00356.x},
  Issn = {0140-7791},
  Url = {http://doi.wiley.com/10.1111/j.1365-3040.1995.tb00356.x}
}


@Article{linden2017,
  Author = {Lind{\'{e}}n, Andreas and Meller, Kalle and Knape, Jonas},
  Journal = {Journal of Avian Biology},
  Number = {2},
  Pages = {255--265},
  Title = {An empirical comparison of models for the phenology of bird migration},
  Volume = {48},
  Year = {2017},
  Doi = {10.1111/jav.00994},
  Issn = {1600048X}
}


@Article{linkosalo2008,
  Author = {Linkosalo, Tapio and Lappalainen, Hanna K and Hari, Pertti},
  Journal = {Tree physiology},
  Number = {12},
  Pages = {1873--1882},
  Title = {A comparison of phenological models of leaf bud burst and flowering of boreal trees using independent observations.},
  Volume = {28},
  Year = {2008},
  Doi = {10.1093/treephys/28.12.1873},
  Issn = {0829-318X},
  Isbn = {0829-318X},
  Keywords = {betula pendula,betula pubescens,chilling,dor-,forcing,mancy,prunus padus,sorbus aucuparia,spring},
  Pmid = {19193570}
}


@Article{locey2013,
  Author = {Locey, Kenneth J. and White, Ethan P.},
  Editor = {Storch, David},
  Journal = {Ecology Letters},
  Month = {sep},
  Number = {9},
  Pages = {1177--1185},
  Title = {How species richness and total abundance constrain the distribution of abundance},
  Volume = {16},
  Year = {2013},
  Doi = {10.1111/ele.12154},
  Issn = {1461023X},
  Url = {http://doi.wiley.com/10.1111/ele.12154}
}


@Article{lubridate,
  Author = {Grolemund, Garrett and Wickham, Hadley},
  Journal = {Journal of Statistical Software},
  Number = {3},
  Pages = {1--25},
  Title = {Dates and Times Made Easy with {lubridate}},
  Volume = {40},
  Year = {2011},
  Url = {http://www.jstatsoft.org/v40/i03/}
}


@Article{luo2011,
  Author = {Luo, Yiqi and Ogle, Kiona and Tucker, Colin and Fei, Shenfeng and Gao, Chao and LaDeau, Shannon and Clark, James S. and Schimel, David S.},
  Journal = {Ecological Applications},
  Month = {jul},
  Number = {5},
  Pages = {1429--1442},
  Title = {Ecological forecasting and data assimilation in a data-rich era},
  Volume = {21},
  Year = {2011},
  Doi = {10.1890/09-1275.1},
  Issn = {1051-0761},
  Url = {http://doi.wiley.com/10.1890/09-1275.1}
}


@Article{Magill2004,
  Author = {Magill, Alison H and Aber, John D and Currie, William S and Nadelhoffer, Knute J and Martin, Mary E and McDowell, William H and Melillo, Jerry M and Steudler, Paul},
  Journal = {Forest Ecology and Management},
  Month = {jul},
  Number = {1},
  Pages = {7--28},
  Title = {Ecosystem response to 15 years of chronic nitrogen additions at the Harvard Forest LTER, Massachusetts, USA},
  Volume = {196},
  Year = {2004},
  Doi = {10.1016/j.foreco.2004.03.033},
  Issn = {03781127},
  Url = {http://linkinghub.elsevier.com/retrieve/pii/S0378112704001896}
}


@Article{maurer2018,
  Author = {Maurer, Julie A. and Shepard, Jon H. and Crabo, Lars G. and Hammond, Paul C. and Zack, Richard S. and Peterson, Merrill A.},
  Editor = {Rossi, Sergio},
  Journal = {PLOS ONE},
  Month = {sep},
  Number = {9},
  Pages = {e0202850},
  Title = {Phenological responses of 215 moth species to interannual climate variation in the Pacific Northwest from 1895 through 2013},
  Volume = {13},
  Year = {2018},
  Doi = {10.1371/journal.pone.0202850},
  Issn = {1932-6203},
  Url = {https://dx.plos.org/10.1371/journal.pone.0202850}
}


@Article{mayor2017,
  Author = {Mayor, Stephen J. and Guralnick, Robert P. and Tingley, Morgan W. and Otegui, Javier and Withey, John C. and Elmendorf, Sarah C. and Andrew, Margaret E. and Leyk, Stefan and Pearse, Ian S. and Schneider, David C.},
  Journal = {Scientific Reports},
  Number = {1},
  Pages = {1902},
  Publisher = {Springer US},
  Title = {Increasing phenological asynchrony between spring green-up and arrival of migratory birds},
  Volume = {7},
  Year = {2017},
  Doi = {10.1038/s41598-017-02045-z},
  Issn = {2045-2322},
  Url = {http://www.nature.com/articles/s41598-017-02045-z},
  Pmid = {28507323}
}


@Article{melaas2016,
  Author = {Melaas, Eli K. and Friedl, Mark A. and Richardson, Andrew D.},
  Journal = {Global Change Biology},
  Month = {feb},
  Number = {2},
  Pages = {792--805},
  Title = {Multiscale modeling of spring phenology across Deciduous Forests in the Eastern United States},
  Volume = {22},
  Year = {2016},
  Doi = {10.1111/gcb.13122},
  Issn = {13541013},
  Url = {http://doi.wiley.com/10.1111/gcb.13122},
  Isbn = {1365-2486},
  Keywords = {Deciduous forest,MODIS,Phenology models,Species composition,Spring phenology},
  Pmid = {26456080}
}


@Article{mgcvGAM,
  Author = {Wood, Simon N.},
  Journal = {Journal of the Royal Statistical Society: Series B (Statistical Methodology)},
  Month = {jan},
  Number = {1},
  Pages = {3--36},
  Title = {Fast stable restricted maximum likelihood and marginal likelihood estimation of semiparametric generalized linear models},
  Volume = {73},
  Year = {2011},
  Doi = {10.1111/j.1467-9868.2010.00749.x},
  Issn = {13697412},
  Url = {http://doi.wiley.com/10.1111/j.1467-9868.2010.00749.x}
}


@Article{mgcvTP,
  Author = {Wood, Simon N.},
  Journal = {Journal of the Royal Statistical Society: Series B (Statistical Methodology)},
  Month = {feb},
  Number = {1},
  Pages = {95--114},
  Title = {Thin plate regression splines},
  Volume = {65},
  Year = {2003},
  Doi = {10.1111/1467-9868.00374},
  Issn = {1369-7412},
  Url = {http://doi.wiley.com/10.1111/1467-9868.00374}
}


@Article{miller-rushing2008,
  Author = {Miller-Rushing, Abraham J. and Inouye, David W and Primack, Richard B},
  Journal = {Journal of Ecology},
  Month = {nov},
  Number = {6},
  Pages = {1289--1296},
  Title = {How well do first flowering dates measure plant responses to climate change? The effects of population size and sampling frequency},
  Volume = {96},
  Year = {2008},
  Doi = {10.1111/j.1365-2745.2008.01436.x},
  Issn = {00220477},
  Url = {http://doi.wiley.com/10.1111/j.1365-2745.2008.01436.x}
}


@Article{moussus2009,
  Author = {Moussus, Jean‐Pierre and Jiguet, Frederic and Clavel, Joanne and Julliard, Romain},
  Journal = {Bird Study},
  Month = {jul},
  Number = {2},
  Pages = {198--212},
  Title = {A method to estimate phenological variation using data from large‐scale abundance monitoring programmes},
  Volume = {56},
  Year = {2009},
  Doi = {10.1080/00063650902792064},
  Issn = {0006-3657},
  Url = {http://www.tandfonline.com/doi/full/10.1080/00063650902792064}
}


@Article{moussus2010,
  Author = {Moussus, Jean-Pierre and Julliard, Romain and Jiguet, Fr{\'{e}}d{\'{e}}ric},
  Journal = {Methods in Ecology and Evolution},
  Month = {mar},
  Number = {2},
  Pages = {140--150},
  Title = {Featuring 10 phenological estimators using simulated data},
  Volume = {1},
  Year = {2010},
  Doi = {10.1111/j.2041-210X.2010.00020.x},
  Issn = {2041210X},
  Url = {http://doi.wiley.com/10.1111/j.2041-210X.2010.00020.x}
}


@Article{mpi4py,
  Author = {Dalcin, Lisandro D. and Paz, Rodrigo R. and Kler, Pablo A. and Cosimo, Alejandro},
  Journal = {Advances in Water Resources},
  Month = {sep},
  Number = {9},
  Pages = {1124--1139},
  Title = {Parallel distributed computing using Python},
  Volume = {34},
  Year = {2011},
  Doi = {10.1016/j.advwatres.2011.04.013},
  Issn = {03091708},
  Url = {http://linkinghub.elsevier.com/retrieve/pii/S0309170811000777}
}


@Misc{ncdf4,
  Author = {Pierce, David},
  Title = {ncdf4: Interface to Unidata netCDF Format Data Files},
  Year = {2017}
}


@Misc{ncl,
  Publisher = {Boulder, Colorado: UCAR/NCAR/CISL/TDD},
  Title = {The NCAR Command Language (Version 6.5.0)},
  Year = {2018},
  Doi = {10.5065/D6WD3XH5}
}


@Article{newson2016,
  Author = {Newson, Stuart E. and Moran, Nick J. and Musgrove, Andy J. and Pearce-Higgins, James W. and Gillings, Simon and Atkinson, Philip W. and Miller, Ryan and Grantham, Mark J. and Baillie, Stephen R.},
  Journal = {Ibis},
  Number = {3},
  Pages = {481--495},
  Title = {Long-term changes in the migration phenology of UK breeding birds detected by large-scale citizen science recording schemes},
  Volume = {158},
  Year = {2016},
  Doi = {10.1111/ibi.12367},
  Issn = {1474919X},
  Isbn = {00811750},
  Keywords = {birds of conservation concern,citizen science,migrant birds,migration phenology,population trends},
  Pmid = {25046693}
}


@Article{npncitation,
  Author = {Schwartz, Mark D and Betancourt, Julio L and Weltzin, Jake F},
  Journal = {Frontiers in Ecology and the Environment},
  Month = {aug},
  Number = {6},
  Pages = {324--327},
  Title = {From Caprio's lilacs to the USA National Phenology Network},
  Volume = {10},
  Year = {2012},
  Doi = {10.1890/110281},
  Issn = {1540-9295},
  Url = {http://doi.wiley.com/10.1890/110281}
}


@Misc{npndata,
  Author = {{USA National Phenology Network}},
  Howpublished = {USA-NPN, Tucson, Arizona, USA. Data set accessed 04/20/2017 at \url{http://doi.org/10.5066/F78S4N1V}},
  Title = {Plant and Animal Phenology Data. Data type: Status and Intensity. 01/01/2009-04/31/2017 for Region: 49.9375°, -66.4791667° (UR); 24.0625°, -125.0208333° (LL).},
  Year = {2017}
}


@Misc{npndata2017,
  Author = {{USA National Phenology Network}},
  Howpublished = {USA-NPN, Tucson, Arizona, USA. Data set accessed 07/08/2018 at \url{http://doi.org/10.5066/F78S4N1V}},
  Title = {Plant and Animal Phenology Data. Data type: Individual Phenometrics. 01/01/2008-12/31/2017 for Region: 49.9375°, -66.4791667° (UR); 24.0625°, -125.0208333° (LL).},
  Year = {2018}
}


@Misc{npndata2019,
  Author = {USA National Phenology Network},
  Howpublished = {USA-NPN, Tucson, Arizona, USA. Data set accessed 05/09/2019 at \url{http://doi.org/10.5066/F78S4N1V}},
  Title = {Plant and Animal Phenology Data. Data type: Individual Phenometrics. 01/01/2019-05/08/2019 for Region: 49.9375°, -66.4791667° (UR); 24.0625°, -125.0208333° (LL).},
  Year = {2019}
}


@Misc{numpy,
  Author = {Oliphant, Travis},
  Howpublished = {USA: Trelgol Publishing},
  Publisher = {Trelgol Publishing},
  Title = {A guide to NumPy},
  Year = {2006}
}


@Article{ogilvie2017a,
  Author = {Ogilvie, Jane E and Forrest, Jessica RK},
  Journal = {Current Opinion in Insect Science},
  Month = {jun},
  Pages = {75--82},
  Publisher = {Elsevier Inc},
  Title = {Interactions between bee foraging and floral resource phenology shape bee populations and communities},
  Volume = {21},
  Year = {2017},
  Doi = {10.1016/j.cois.2017.05.015},
  Issn = {22145745},
  Url = {http://linkinghub.elsevier.com/retrieve/pii/S2214574517300408}
}


@Article{ogilvie2017b,
  Author = {Ogilvie, Jane E and Griffin, Sean R and Gezon, Zachariah J and Inouye, Brian D and Underwood, Nora and Inouye, David W. and Irwin, Rebecca E.},
  Editor = {Bourke, Andrew},
  Journal = {Ecology Letters},
  Month = {dec},
  Number = {12},
  Pages = {1507--1515},
  Title = {Interannual bumble bee abundance is driven by indirect climate effects on floral resource phenology},
  Volume = {20},
  Year = {2017},
  Doi = {10.1111/ele.12854},
  Issn = {1461023X},
  Url = {http://doi.wiley.com/10.1111/ele.12854}
}


@Article{ogle2015,
  Author = {Ogle, Kiona and Barber, Jarrett J. and Barron-Gafford, Greg a. and Bentley, Lisa Patrick and Young, Jessica M. and Huxman, Travis E. and Loik, Michael E. and Tissue, David T.},
  Journal = {Ecology Letters},
  Number = {3},
  Pages = {221--235},
  Title = {Quantifying ecological memory in plant and ecosystem processes},
  Volume = {18},
  Year = {2015},
  Doi = {10.1111/ele.12399},
  Issn = {1461023X},
  Url = {http://doi.wiley.com/10.1111/ele.12399},
  Keywords = {18,2015,221,235,antecedent conditions,duction,ecology letters,forecasting,hierarchical bayesian model,lag effects,legacy effects,net primary pro-,soil respiration,stomatal conductance,time-series,tree growth,tree rings}
}


@Misc{okeefe2015,
  Author = {O'Keefe, J.},
  Title = {Phenology of Woody Species at Harvard Forest since 1990. Harvard Forest Data Archive: HF003},
  Year = {2015}
}


@Article{Olsson2013,
  Author = {Olsson, Cecilia and Bolmgren, Kjell and Lindstr{\"{o}}m, Johan and J{\"{o}}nsson, Anna Maria},
  Journal = {Ecological Modelling},
  Number = {1},
  Pages = {103--117},
  Publisher = {Elsevier B.V.},
  Title = {Performance of tree phenology models along a bioclimatic gradient in Sweden},
  Volume = {266},
  Year = {2013},
  Doi = {10.1016/j.ecolmodel.2013.06.026},
  Issn = {03043800},
  Url = {http://dx.doi.org/10.1016/j.ecolmodel.2013.06.026},
  Keywords = {Budburst model,Forcing units,Temperature sums,Tree phenology,spatial}
}


@Article{olsson2014,
  Author = {Olsson, Cecilia and J{\"{o}}nsson, Anna Maria},
  Journal = {Global Change Biology},
  Month = {nov},
  Number = {11},
  Pages = {3492--3507},
  Title = {Process-based models not always better than empirical models for simulating budburst of Norway spruce and birch in Europe},
  Volume = {20},
  Year = {2014},
  Doi = {10.1111/gcb.12593},
  Issn = {13541013},
  Url = {http://doi.wiley.com/10.1111/gcb.12593},
  Isbn = {1365-2486 (Electronic) 1354-1013 (Linking)},
  Keywords = {Betula pendula,Budburst models,Calibration,Chilling,Day length,Forcing,Picea abies,spatial},
  Pmid = {24700779}
}


@Inproceedings{pandas,
  Author = {McKinney, Wes},
  Booktitle = {Proceedings of the 9th Python in Science Conference},
  Pages = {51--56},
  Title = {Data Structures for Statistical Computing in Python},
  Year = {2010},
  Url = {http://conference.scipy.org/proceedings/scipy2010/mckinney.html}
}


@Article{park2014,
  Author = {Park, Isaac W.},
  Journal = {Global Ecology and Biogeography},
  Number = {7},
  Pages = {789--801},
  Title = {Impacts of differing community composition on flowering phenology throughout warm temperate, cool temperate and xeric environments},
  Volume = {23},
  Year = {2014},
  Doi = {10.1111/geb.12163},
  Issn = {14668238},
  Isbn = {1466-822X},
  Keywords = {Biogeography,Climate,Community ecology,Flowering,Herbarium records,Phenology,Plant biology}
}


@Article{pearse2017,
  Author = {Pearse, William D. and Davis, Charles C. and Inouye, David W. and Primack, Richard B. and Davies, T. Jonathan},
  Journal = {Nature Ecology {\&} Evolution},
  Month = {dec},
  Number = {12},
  Pages = {1876--1882},
  Title = {A statistical estimator for determining the limits of contemporary and historic phenology},
  Volume = {1},
  Year = {2017},
  Doi = {10.1038/s41559-017-0350-0},
  Issn = {2397-334X},
  Url = {http://www.nature.com/articles/s41559-017-0350-0}
}


@Article{pedersen2018,
  Author = {Pedersen, Eric J and Miller, David L and Simpson, Gavin L and Ross, Noam},
  Journal = {PeerJ Preprints},
  Month = {nov},
  Pages = {e27320v1},
  Title = {Hierarchical generalized additive models: an introduction with mgcv},
  Volume = {6},
  Year = {2018},
  Doi = {10.7287/peerj.preprints.27320v1},
  Issn = {2167-9843},
  Url = {https://doi.org/10.7287/peerj.preprints.27320v1},
  Keywords = {Generalized Additive Models,Hierarchical models,community ecology,functional regression,nonlinear estimation,regression,smoothing,time series,tutorial}
}


@Article{peng2017,
  Author = {Peng, Dailiang and Wu, Chaoyang and Li, Cunjun and Zhang, Xiaoyang and Liu, Zhengjia and Ye, Huichun and Luo, Shezhou and Liu, Xinjie and Hu, Yong and Fang, Bin},
  Journal = {Ecological Indicators},
  Month = {jun},
  Pages = {323--336},
  Title = {Spring green-up phenology products derived from MODIS NDVI and EVI: Intercomparison, interpretation and validation using National Phenology Network and AmeriFlux observations},
  Volume = {77},
  Year = {2017},
  Doi = {10.1016/j.ecolind.2017.02.024},
  Issn = {1470160X},
  Url = {http://linkinghub.elsevier.com/retrieve/pii/S1470160X17300870}
}


@Article{petchey2015,
  Author = {Petchey, Owen L and Pontarp, Mikael and Massie, Thomas M and K{\'{e}}fi, Sonia and Ozgul, Arpat and Weilenmann, Maja and Palamara, Gian Marco and Altermatt, Florian and Matthews, Blake and Levine, Jonathan M and Childs, Dylan Z and McGill, Brian J. and Schaepman, Michael E and Schmid, Bernhard and Spaak, Piet and Beckerman, Andrew P and Pennekamp, Frank and Pearse, Ian S},
  Editor = {Vasseur, David},
  Journal = {Ecology Letters},
  Month = {jul},
  Number = {7},
  Pages = {597--611},
  Title = {The ecological forecast horizon, and examples of its uses and determinants},
  Volume = {18},
  Year = {2015},
  Doi = {10.1111/ele.12443},
  Issn = {1461023X},
  Url = {http://doi.wiley.com/10.1111/ele.12443},
  Isbn = {1461-0248},
  Keywords = {Dynamics,ecosystems,environmental change,forecasting,futures,prediction,scenarios},
  Pmid = {25960188}
}


@Article{prevey2017,
  Author = {Prev{\'{e}}y, Janet and Vellend, Mark and R{\"{u}}ger, Nadja and Hollister, Robert D. and Bjorkman, Anne D. and Myers-Smith, Isla H. and Elmendorf, Sarah C. and Clark, Karin and Cooper, Elisabeth J. and Elberling, Bo and Fosaa, Anna M. and Henry, Gregory H. R. and H{\o}ye, Toke T. and J{\'{o}}nsd{\'{o}}ttir, Ingibj{\"{o}}rg S. and Klanderud, Kari and L{\'{e}}vesque, Esther and Mauritz, Marguerite and Molau, Ulf and Natali, Susan M. and Oberbauer, Steven F. and Panchen, Zoe A. and Post, Eric and Rumpf, Sabine B. and Schmidt, Niels M. and Schuur, Edward A. G. and Semenchuk, Phillip R. and Troxler, Tiffany and Welker, Jeffrey M. and Rixen, Christian},
  Journal = {Global Change Biology},
  Month = {jul},
  Number = {7},
  Pages = {2660--2671},
  Title = {Greater temperature sensitivity of plant phenology at colder sites: implications for convergence across northern latitudes},
  Volume = {23},
  Year = {2017},
  Doi = {10.1111/gcb.13619},
  Issn = {13541013},
  Url = {http://doi.wiley.com/10.1111/gcb.13619},
  Isbn = {1354-1013},
  Keywords = {Arctic,Cassiope tetragona,International Tundra Experiment,climate change,climatic gradient,flowering,latitude,tundra},
  Pmid = {28079308}
}


@Misc{prismdata,
  Author = {PRISM Climate Group},
  Howpublished = {url{http://prism.oregonstate.edu}},
  Publisher = {Oregon State University},
  Title = {Oregon State University},
  Year = {2004},
  Url = {http://prism.oregonsate.edu}
}


@Misc{prismR,
  Author = {Hart, Edmund M and Bell, Kendon},
  Howpublished = {url{http://github.com/ropensci/prism}},
  Title = {prism: Download data from the Oregon prism project},
  Year = {2015},
  Doi = {10.5281/zenodo.33663},
  Url = {http://github.com/ropensci/prism}
}


@Misc{python,
  Author = {{Python Software Foundation}},
  Howpublished = {url{http://www.python.org}},
  Title = {Python Language Reference Manual, version 3.6},
  Year = {2018}
}


@Article{ram2013,
  Author = {Ram, Karthik},
  Journal = {Source Code for Biology and Medicine},
  Number = {1},
  Pages = {7},
  Title = {Git can facilitate greater reproducibility and increased transparency in science},
  Volume = {8},
  Year = {2013},
  Doi = {10.1186/1751-0473-8-7},
  Issn = {1751-0473},
  Url = {http://scfbm.biomedcentral.com/articles/10.1186/1751-0473-8-7}
}


@Misc{rasterR,
  Author = {Hijmans, Robert J.},
  Howpublished = {url{https://CRAN.R-project.org/package=raster}},
  Title = {raster: Geographic data analysis and modeling. R package version 2.6-7},
  Year = {2017}
}


@Misc{rcitation,
  Address = {Vienna: R Foundation for Statistical Computing.},
  Author = {{R Core Team}},
  Title = {R: a language and environment for statistical computing},
  Year = {2017}
}


@Article{reaumur1735,
  Author = {R{\'{e}}aumur, R.A.F.},
  Journal = {Mem Paris Acad Sci},
  Number = {545},
  Title = {Observations du thermom{\`{e}}tres, faites a Paris pendant l'ann{\'{e}}e 1735, compar{\'{e}}es avec celles qui ont {\'{e}}t{\'{e}} faites sous la ligne, a l'isle de France, a Alger et quelques unes de nos isles de l'Am{\'{e}}rique},
  Volume = {1735},
  Year = {1735}
}


@Article{renzi2019,
  Author = {Renzi, Julianna J. and Peachey, William D. and Gerst, Katharine L.},
  Journal = {American Journal of Botany},
  Month = {feb},
  Number = {2},
  Pages = {199--210},
  Title = {A decade of flowering phenology of the keystone saguaro cactus ( Carnegiea gigantea )},
  Volume = {106},
  Year = {2019},
  Doi = {10.1002/ajb2.1231},
  Issn = {00029122},
  Url = {http://doi.wiley.com/10.1002/ajb2.1231}
}


@Article{rich1992,
  Author = {Rich, T.C.G and Woodruff, E.R.},
  Journal = {Watsonia},
  Number = {19},
  Pages = {73--95},
  Title = {Recording bias in botanical surveys},
  Year = {1992}
}


@Article{RICHARDSON2006,
  Author = {RICHARDSON, ANDREW D. and BAILEY, AMEY SCHENCK and DENNY, ELLEN G. and MARTIN, C. WAYNE and O'KEEFE, JOHN},
  Journal = {Global Change Biology},
  Month = {jul},
  Number = {7},
  Pages = {1174--1188},
  Title = {Phenology of a northern hardwood forest canopy},
  Volume = {12},
  Year = {2006},
  Doi = {10.1111/j.1365-2486.2006.01164.x},
  Issn = {1354-1013},
  Url = {http://doi.wiley.com/10.1111/j.1365-2486.2006.01164.x}
}


@Article{richardson2012,
  Author = {Richardson, Andrew D. and Anderson, Ryan S. and Arain, M. Altaf and Barr, Alan G. and Bohrer, Gil and Chen, Guangsheng and Chen, Jing M. and Ciais, Philippe and Davis, Kenneth J. and Desai, Ankur R. and Dietze, Michael C. and Dragoni, Danilo and Garrity, Steven R. and Gough, Christopher M. and Grant, Robert and Hollinger, David Y. and Margolis, Hank A. and McCaughey, Harry and Migliavacca, Mirco and Monson, Russell K. and Munger, J. William and Poulter, Benjamin and Raczka, Brett M. and Ricciuto, Daniel M. and Sahoo, Alok K. and Schaefer, Kevin and Tian, Hanqin and Vargas, Rodrigo and Verbeeck, Hans and Xiao, Jingfeng and Xue, Yongkang},
  Journal = {Global Change Biology},
  Month = {feb},
  Number = {2},
  Pages = {566--584},
  Title = {Terrestrial biosphere models need better representation of vegetation phenology: results from the North American Carbon Program Site Synthesis},
  Volume = {18},
  Year = {2012},
  Doi = {10.1111/j.1365-2486.2011.02562.x},
  Issn = {13541013},
  Url = {http://doi.wiley.com/10.1111/j.1365-2486.2011.02562.x}
}


@Article{richardson2013,
  Author = {Richardson, Andrew D. and Keenan, Trevor F. and Migliavacca, Mirco and Ryu, Youngryel and Sonnentag, Oliver and Toomey, Michael},
  Journal = {Agricultural and Forest Meteorology},
  Pages = {156--173},
  Publisher = {Elsevier B.V.},
  Title = {Climate change, phenology, and phenological control of vegetation feedbacks to the climate system},
  Volume = {169},
  Year = {2013},
  Doi = {10.1016/j.agrformet.2012.09.012},
  Issn = {01681923},
  Url = {http://dx.doi.org/10.1016/j.agrformet.2012.09.012},
  Isbn = {0168-1923},
  Keywords = {Autumn senescence,Biosphere-atmosphere interactions,Budburst,Carbon cycle,Climate change,Global warming,Models,Phenology,Seasonality,Spring onset}
}


@Article{richardson2018a,
  Author = {Richardson, Andrew D. and Hufkens, Koen and Milliman, Tom and Aubrecht, Donald M. and Chen, Min and Gray, Josh M. and Johnston, Miriam R. and Keenan, Trevor F. and Klosterman, Stephen T. and Kosmala, Margaret and Melaas, Eli K. and Friedl, Mark A. and Frolking, Steve},
  Journal = {Scientific Data},
  Month = {mar},
  Pages = {180028},
  Title = {Tracking vegetation phenology across diverse North American biomes using PhenoCam imagery},
  Volume = {5},
  Year = {2018},
  Doi = {10.1038/sdata.2018.28},
  Issn = {2052-4463},
  Url = {http://www.nature.com/articles/sdata201828}
}


@Article{richardson2018b,
  Author = {Richardson, Andrew D. and Hufkens, Koen and Milliman, Tom and Frolking, Steve},
  Journal = {Scientific Reports},
  Month = {dec},
  Number = {1},
  Pages = {5679},
  Title = {Intercomparison of phenological transition dates derived from the PhenoCam Dataset V1.0 and MODIS satellite remote sensing},
  Volume = {8},
  Year = {2018},
  Doi = {10.1038/s41598-018-23804-6},
  Issn = {2045-2322},
  Url = {http://www.nature.com/articles/s41598-018-23804-6}
}


@Article{roberts2003,
  Author = {Roberts, David L. and Solow, Andrew R.},
  Journal = {Nature},
  Month = {nov},
  Number = {6964},
  Pages = {245--245},
  Title = {When did the dodo become extinct?},
  Volume = {426},
  Year = {2003},
  Doi = {10.1038/426245a},
  Issn = {0028-0836},
  Url = {http://www.nature.com/articles/426245a}
}


@Article{roberts2015,
  Author = {Roberts, Adrian M I and Tansey, Christine and Smithers, Richard J. and Phillimore, Albert B.},
  Journal = {Global Change Biology},
  Month = {jul},
  Number = {7},
  Pages = {2603--2611},
  Title = {Predicting a change in the order of spring phenology in temperate forests},
  Volume = {21},
  Year = {2015},
  Doi = {10.1111/gcb.12896},
  Issn = {13652486},
  Url = {http://doi.wiley.com/10.1111/gcb.12896},
  Isbn = {1365-2486 (Electronic)\r1354-1013 (Linking)},
  Keywords = {Chilling,Climate change,Forcing,Growing degree-day,Phenology,Plasticity,Prediction,Shade,Species interactions},
  Pmid = {25731862}
}


@Misc{Rsurvival,
  Author = {Therneau, Terry M},
  Title = {A Package for Survival Analysis in S. Version 2.43.3},
  Year = {2015},
  Url = {https://cran.r-project.org/package=survival}
}


@Article{saha2010,
  Author = {Saha, Suranjana and Moorthi, Shrinivas and Pan, Hua-Lu and Wu, Xingren and Wang, Jiande and Nadiga, Sudhir and Tripp, Patrick and Kistler, Robert and Woollen, John and Behringer, David and Liu, Haixia and Stokes, Diane and Grumbine, Robert and Gayno, George and Wang, Jun and Hou, Yu-Tai and Chuang, Hui-ya and Juang, Hann-Ming H. and Sela, Joe and Iredell, Mark and Treadon, Russ and Kleist, Daryl and {Van Delst}, Paul and Keyser, Dennis and Derber, John and Ek, Michael and Meng, Jesse and Wei, Helin and Yang, Rongqian and Lord, Stephen and van den Dool, Huug and Kumar, Arun and Wang, Wanqiu and Long, Craig and Chelliah, Muthuvel and Xue, Yan and Huang, Boyin and Schemm, Jae-Kyung and Ebisuzaki, Wesley and Lin, Roger and Xie, Pingping and Chen, Mingyue and Zhou, Shuntai and Higgins, Wayne and Zou, Cheng-Zhi and Liu, Quanhua and Chen, Yong and Han, Yong and Cucurull, Lidia and Reynolds, Richard W. and Rutledge, Glenn and Goldberg, Mitch},
  Journal = {Bulletin of the American Meteorological Society},
  Month = {aug},
  Number = {8},
  Pages = {1015--1058},
  Title = {The NCEP Climate Forecast System Reanalysis},
  Volume = {91},
  Year = {2010},
  Doi = {10.1175/2010BAMS3001.1},
  Issn = {0003-0007},
  Url = {http://journals.ametsoc.org/doi/10.1175/2010BAMS3001.1}
}


@Article{saha2014,
  Author = {Saha, Suranjana and Moorthi, Shrinivas and Wu, Xingren and Wang, Jiande and Nadiga, Sudhir and Tripp, Patrick and Behringer, David and Hou, Yu-Tai and Chuang, Hui-ya and Iredell, Mark and Ek, Michael and Meng, Jesse and Yang, Rongqian and Mendez, Malaqu{\'{i}}as Pe{\~{n}}a and van den Dool, Huug and Zhang, Qin and Wang, Wanqiu and Chen, Mingyue and Becker, Emily},
  Journal = {Journal of Climate},
  Month = {mar},
  Number = {6},
  Pages = {2185--2208},
  Title = {The NCEP Climate Forecast System Version 2},
  Volume = {27},
  Year = {2014},
  Doi = {10.1175/JCLI-D-12-00823.1},
  Issn = {0894-8755},
  Url = {http://journals.ametsoc.org/doi/abs/10.1175/JCLI-D-12-00823.1}
}


@Article{schaber2002,
  Author = {Schaber, J{\"{o}}rg and Badeck, F.-W.},
  Journal = {Tree Physiology},
  Month = {oct},
  Number = {14},
  Pages = {973--982},
  Title = {Evaluation of methods for the combination of phenological time series and outlier detection},
  Volume = {22},
  Year = {2002},
  Doi = {10.1093/treephys/22.14.973},
  Issn = {0829-318X},
  Url = {https://academic.oup.com/treephys/article-lookup/doi/10.1093/treephys/22.14.973},
  Isbn = {0829-318X},
  Keywords = {Linear model,Month-mistake,Robust estimation},
  Pmid = {12359524}
}


@Article{scheffers2016,
  Author = {Scheffers, Brett R. and {De Meester}, Luc and Bridge, Tom C. L. and Hoffmann, Ary A. and Pandolfi, John M and Corlett, Richard T and Butchart, Stuart H M and Pearce-Kelly, Paul and Kovacs, Kit M and Dudgeon, David and Pacifici, Michela and Rondinini, Carlo and Foden, Wendy B and Martin, Tara G and Mora, Camilo and Bickford, David and Watson, James E M},
  Journal = {Science},
  Month = {nov},
  Number = {6313},
  Pages = {aaf7671},
  Title = {The broad footprint of climate change from genes to biomes to people},
  Volume = {354},
  Year = {2016},
  Doi = {10.1126/science.aaf7671},
  Issn = {0036-8075},
  Url = {http://www.sciencemag.org/lookup/doi/10.1126/science.aaf7671}
}


@Misc{schulze2017,
  Address = {Corvallis, OR},
  Author = {Schulze, Mark D.},
  Publisher = {Forest Science Data Bank, Corvallis, OR},
  Title = {Vegetative Phenology observations at the Andrews Experimental Forest, 2009 - Present},
  Year = {2017},
  Url = {http://andlter.forestry.oregonstate.edu/data/abstract.aspx?dbcode=TV075}
}


@Misc{scipy,
  Author = {Jones, Eric and Oliphant, Travis and Peterson, Pearu and {Others}},
  Howpublished = {url{http://www.scipy.org/}},
  Title = {SciPy: Open Source Scientific Tools for Python},
  Year = {2001}
}


@Article{silva2018,
  Author = {Silva, Sam J. and Barbieri, Lindsay K. and Thomer, Andrea K.},
  Editor = {Bauch, Chris T.},
  Journal = {PLOS ONE},
  Month = {may},
  Number = {5},
  Pages = {e0197325},
  Title = {Observing vegetation phenology through social media},
  Volume = {13},
  Year = {2018},
  Doi = {10.1371/journal.pone.0197325},
  Issn = {1932-6203},
  Url = {https://dx.plos.org/10.1371/journal.pone.0197325}
}


@Article{simpson2018,
  Author = {Simpson, Gavin L},
  Journal = {bioRxiv},
  Month = {jan},
  Pages = {322248},
  Title = {Modelling palaeoecological time series using generalized additive models},
  Year = {2018},
  Doi = {10.1101/322248},
  Url = {http://biorxiv.org/content/early/2018/08/16/322248.abstract}
}


@Article{soroye2018,
  Author = {Soroye, Peter and Ahmed, Najeeba and Kerr, Jeremy T.},
  Journal = {Global Change Biology},
  Month = {nov},
  Number = {11},
  Pages = {5281--5291},
  Title = {Opportunistic citizen science data transform understanding of species distributions, phenology, and diversity gradients for global change research},
  Volume = {24},
  Year = {2018},
  Doi = {10.1111/gcb.14358},
  Issn = {13541013},
  Url = {http://doi.wiley.com/10.1111/gcb.14358},
  Isbn = {0000000198103},
  Keywords = {Citizen science,biodiversity,biomonitoring,climate change,global change,phenology,species distributions,species richness}
}


@Article{sp1,
  Author = {Pebesma, Edzer J and Bivand, Roger S},
  Journal = {R News},
  Month = {nov},
  Number = {2},
  Pages = {9--13},
  Title = {Classes and methods for spatial data in {R}},
  Volume = {5},
  Year = {2005},
  Url = {https://cran.r-project.org/doc/Rnews/}
}


@Article{stoner2013,
  Author = {Stoner, Anne M K and Hayhoe, Katharine and Yang, Xiaohui and Wuebbles, Donald J.},
  Journal = {International Journal of Climatology},
  Month = {sep},
  Number = {11},
  Pages = {2473--2494},
  Title = {An asynchronous regional regression model for statistical downscaling of daily climate variables},
  Volume = {33},
  Year = {2013},
  Doi = {10.1002/joc.3603},
  Issn = {08998418},
  Url = {http://doi.wiley.com/10.1002/joc.3603},
  Isbn = {1097-0088},
  Keywords = {Climate,Precipitation,Quantile regression,Statistical downscaling,Temperature}
}


@Article{storn1997,
  Author = {Storn, Rainer and Price, Kenneth},
  Journal = {Journal of Global Optimization},
  Number = {4},
  Pages = {341--359},
  Title = {Differential Evolution – A Simple and Efficient Heuristic for global Optimization over Continuous Spaces},
  Volume = {11},
  Year = {1997},
  Doi = {10.1023/A:1008202821328},
  Issn = {09255001},
  Url = {http://link.springer.com/10.1023/A:1008202821328}
}


@Article{tang2016,
  Author = {Tang, Jianwu and K{\"{o}}rner, Christian and Muraoka, Hiroyuki and Piao, Shilong and Shen, Miaogen and Thackeray, Stephen J. and Yang, Xi},
  Journal = {Ecosphere},
  Month = {aug},
  Number = {8},
  Pages = {e01436},
  Title = {Emerging opportunities and challenges in phenology: a review},
  Volume = {7},
  Year = {2016},
  Doi = {10.1002/ecs2.1436},
  Issn = {21508925},
  Url = {http://doi.wiley.com/10.1002/ecs2.1436}
}


@Article{taylor2018a,
  Author = {Taylor, Shawn D.},
  Journal = {Journal of Open Source Software},
  Month = {aug},
  Number = {28},
  Pages = {827},
  Title = {pyPhenology: A python framework for plant phenology modelling},
  Volume = {3},
  Year = {2018},
  Doi = {10.21105/joss.00827},
  Issn = {2475-9066},
  Url = {http://joss.theoj.org/papers/10.21105/joss.00827}
}


@Article{taylor2018b,
  Author = {Taylor, Shawn D and Meiners, Joan M and Riemer, Kristina and Orr, Michael C and White, Ethan P},
  Journal = {Ecology},
  Month = {feb},
  Number = {2},
  Pages = {e02568},
  Title = {Comparison of large-scale citizen science data and long-term study data for phenology modeling},
  Volume = {100},
  Year = {2019},
  Doi = {10.1002/ecy.2568},
  Issn = {00129658},
  Url = {http://doi.wiley.com/10.1002/ecy.2568}
}


@Article{taylor2019,
  Author = {Taylor, Shawn D and Meiners, Joan M and Riemer, Kristina and Orr, Michael C and White, Ethan P},
  Journal = {Ecology},
  Month = {feb},
  Number = {2},
  Pages = {e02568},
  Title = {Comparison of large‐scale citizen science data and long‐term study data for phenology modeling},
  Volume = {100},
  Year = {2019},
  Doi = {10.1002/ecy.2568},
  Issn = {0012-9658},
  Url = {http://doi.wiley.com/10.1002/ecy.2568}
}


@Article{templ2017,
  Author = {Templ, Barbara and Fleck, Stefan and Templ, Matthias},
  Journal = {International Journal of Biometeorology},
  Month = {may},
  Number = {5},
  Pages = {881--889},
  Publisher = {International Journal of Biometeorology},
  Title = {Change of plant phenophases explained by survival modeling},
  Volume = {61},
  Year = {2017},
  Doi = {10.1007/s00484-016-1267-z},
  Issn = {0020-7128},
  Url = {http://link.springer.com/10.1007/s00484-016-1267-z},
  Keywords = {Biogeographical regions of Europe,Cox model with time dependent covariates,Taraxacum officinale,Timing of flowering},
  Pmid = {27853873}
}


@Article{templ2018,
  Author = {Templ, Barbara and Koch, Elisabeth and Bolmgren, Kjell and Ungersb{\"{o}}ck, Markus and Paul, Anita and Scheifinger, Helfried and Rutishauser, This and Busto, Montserrat and Chmielewski, Frank-M. and H{\'{a}}jkov{\'{a}}, Lenka and Hodzi{\'{c}}, Sabina and Kaspar, Frank and Pietragalla, Barbara and Romero-Fresneda, Ramiro and Tolvanen, Anne and Vu{\v{c}}eti{\v{c}}, Vi{\v{s}}nja and Zimmermann, Kirsten and Zust, Ana},
  Journal = {International Journal of Biometeorology},
  Month = {jun},
  Number = {6},
  Pages = {1109--1113},
  Title = {Pan European Phenological database (PEP725): a single point of access for European data},
  Volume = {62},
  Year = {2018},
  Doi = {10.1007/s00484-018-1512-8},
  Issn = {0020-7128},
  Url = {http://link.springer.com/10.1007/s00484-018-1512-8}
}


@Article{testthat,
  Author = {Wickham, Hadley},
  Journal = {The R Journal},
  Pages = {5--10},
  Title = {{testthat}: Get Started with Testing},
  Volume = {3},
  Year = {2011},
  Url = {https://journal.r-project.org/archive/2011-1/RJournal{\_}2011-1{\_}Wickham.pdf}
}


@Article{theobald2017,
  Author = {Theobald, Elli J and Breckheimer, Ian and HilleRisLambers, Janneke},
  Journal = {Ecology},
  Month = {nov},
  Number = {11},
  Pages = {2799--2812},
  Title = {Climate drives phenological reassembly of a mountain wildflower meadow community},
  Volume = {98},
  Year = {2017},
  Doi = {10.1002/ecy.1996},
  Issn = {00129658},
  Url = {http://doi.wiley.com/10.1002/ecy.1996},
  Keywords = {climate change,community shifts,disassembly,elevation gradient,global change,mutualisms,phenological synchrony},
  Pmid = {29023677}
}


@Manual{tidyr,
  Author = {Wickham, Hadley and Henry, Lionel},
  Title = {tidyr: Easily Tidy Data with 'spread()' and 'gather()' Functions},
  Year = {2018},
  Url = {https://cran.r-project.org/package=tidyr}
}


@Article{tulloch2013,
  Author = {Tulloch, Ayesha I T and Possingham, Hugh P. and Joseph, Liana N. and Szabo, Judit and Martin, Tara G.},
  Journal = {Biological Conservation},
  Pages = {128--138},
  Publisher = {Elsevier Ltd},
  Title = {Realising the full potential of citizen science monitoring programs},
  Volume = {165},
  Year = {2013},
  Doi = {10.1016/j.biocon.2013.05.025},
  Issn = {00063207},
  Url = {http://dx.doi.org/10.1016/j.biocon.2013.05.025},
  Isbn = {0006-3207},
  Keywords = {Cost-effectiveness analysis,Crowd sourcing,Long-term ecological monitoring,Policy,Quality control,Return on investment,Social research,Volunteer surveying,citizen science}
}


@Article{Tylianakis2008,
  Author = {Tylianakis, Jason M. and Didham, Raphael K. and Bascompte, Jordi and Wardle, David A.},
  Journal = {Ecology Letters},
  Month = {dec},
  Number = {12},
  Pages = {1351--1363},
  Title = {Global change and species interactions in terrestrial ecosystems},
  Volume = {11},
  Year = {2008},
  Doi = {10.1111/j.1461-0248.2008.01250.x},
  Issn = {1461023X},
  Url = {http://doi.wiley.com/10.1111/j.1461-0248.2008.01250.x}
}


@Article{waananen2018a,
  Author = {Waananen, Amy and Kiefer, Gretel and Ison, Jennifer L. and Wagenius, Stuart},
  Journal = {The American Naturalist},
  Month = {sep},
  Number = {3},
  Pages = {379--388},
  Title = {Mating Opportunity Increases with Synchrony of Flowering among Years More than Synchrony within Years in a Nonmasting Perennial},
  Volume = {192},
  Year = {2018},
  Doi = {10.1086/698657},
  Issn = {0003-0147},
  Url = {https://www.journals.uchicago.edu/doi/10.1086/698657},
  Keywords = {Echinacea angustifolia,masting,mate limitation,phenology,reproductive fitness}
}


@Misc{waananen2018b,
  Author = {Waananen, Amy and Kiefer, Gretel and Ison, Jennifer L. and Wagenius, Stuart},
  Publisher = {Dryad Digital Repository},
  Title = {Data from: Mating opportunity increases with synchrony of flowering among years more than synchrony within years in a nonmasting perennial},
  Year = {2018},
  Doi = {10.5061/dryad.487db24},
  Url = {https://doi.org/10.5061/dryad.487db24}
}


@Article{wagenius2004,
  Author = {Wagenius, Stuart},
  Journal = {International Journal of Plant Sciences},
  Month = {jul},
  Number = {4},
  Pages = {595--603},
  Title = {Style Persistence, Pollen Limitation, and Seed Set in the Common Prairie Plant Echinacea angustifolia (Asteraceae)},
  Volume = {165},
  Year = {2004},
  Doi = {10.1086/386376},
  Issn = {1058-5893},
  Url = {http://www.journals.uchicago.edu/doi/10.1086/386376},
  Isbn = {1058-5893},
  Keywords = {Echinacea,fecundity,pollen limitation,pollination,prairie,reproductive success,style persistence},
  Pmid = {23519824}
}


@Article{wang1960,
  Author = {Wang, Jen Yu},
  Journal = {Ecology},
  Month = {oct},
  Number = {4},
  Pages = {785--790},
  Title = {A Critique of the Heat Unit Approach to Plant Response Studies},
  Volume = {41},
  Year = {1960},
  Doi = {10.2307/1931815},
  Issn = {00129658},
  Url = {http://doi.wiley.com/10.2307/1931815}
}


@Article{weisheimer2014,
  Author = {Weisheimer, A. and Palmer, T. N.},
  Journal = {Journal of The Royal Society Interface},
  Month = {apr},
  Number = {96},
  Pages = {20131162--20131162},
  Title = {On the reliability of seasonal climate forecasts},
  Volume = {11},
  Year = {2014},
  Doi = {10.1098/rsif.2013.1162},
  Issn = {1742-5689},
  Url = {http://rsif.royalsocietypublishing.org/cgi/doi/10.1098/rsif.2013.1162}
}


@Article{welch2019,
  Author = {Welch, Heather and Hazen, Elliott L. and Bograd, Steven J. and Jacox, Michael G. and Brodie, Stephanie and Robinson, Dale and Scales, Kylie L. and Dewitt, Lynn and Lewison, Rebecca},
  Editor = {Smith, Annabel},
  Journal = {Journal of Applied Ecology},
  Month = {feb},
  Number = {2},
  Pages = {459--469},
  Title = {Practical considerations for operationalizing dynamic management tools},
  Volume = {56},
  Year = {2019},
  Doi = {10.1111/1365-2664.13281},
  Issn = {00218901},
  Url = {http://doi.wiley.com/10.1111/1365-2664.13281}
}


@Article{white2018,
  Author = {White, Ethan P. and Yenni, Glenda M. and Taylor, Shawn D. and Christensen, Erica M. and Bledsoe, Ellen K. and Simonis, Juniper L. and {Morgan Ernest}, S. K.},
  Journal = {Methods in Ecology and Evolution},
  Month = {oct},
  Title = {Developing an automated iterative near-term forecasting system for an ecological study},
  Year = {2018},
  Doi = {10.1111/2041-210X.13104},
  Issn = {2041210X},
  Url = {http://doi.wiley.com/10.1111/2041-210X.13104}
}


@Article{willis2017,
  Author = {Willis, Charles G. and Ellwood, Elizabeth R. and Primack, Richard B. and Davis, Charles C. and Pearson, Katelin D. and Gallinat, Amanda S. and Yost, Jenn M. and Nelson, Gil and Mazer, Susan J. and Rossington, Natalie L. and Sparks, Tim H. and Soltis, Pamela S.},
  Journal = {Trends in Ecology {\&} Evolution},
  Month = {jul},
  Number = {7},
  Pages = {531--546},
  Publisher = {Elsevier Ltd},
  Title = {Old Plants, New Tricks: Phenological Research Using Herbarium Specimens},
  Volume = {32},
  Year = {2017},
  Doi = {10.1016/j.tree.2017.03.015},
  Issn = {01695347},
  Url = {http://dx.doi.org/10.1016/j.tree.2017.03.015 http://linkinghub.elsevier.com/retrieve/pii/S0169534717300939},
  Keywords = {climate change,flowering,museums,phenology,plants},
  Pmid = {28465044}
}


@Article{wilson2014,
  Author = {Wilson, Greg and Aruliah, D. A. and Brown, C. Titus and {Chue Hong}, Neil P. and Davis, Matt and Guy, Richard T. and Haddock, Steven H. D. and Huff, Kathryn D. and Mitchell, Ian M. and Plumbley, Mark D. and Waugh, Ben and White, Ethan P. and Wilson, Paul},
  Editor = {Eisen, Jonathan A.},
  Journal = {PLoS Biology},
  Month = {jan},
  Number = {1},
  Pages = {e1001745},
  Title = {Best Practices for Scientific Computing},
  Volume = {12},
  Year = {2014},
  Doi = {10.1371/journal.pbio.1001745},
  Issn = {1545-7885},
  Url = {https://dx.plos.org/10.1371/journal.pbio.1001745}
}


@Article{wilson2016,
  Author = {Blischak, John D. and Davenport, Emily R. and Wilson, Greg},
  Editor = {Ouellette, Francis},
  Journal = {PLOS Computational Biology},
  Month = {jan},
  Number = {1},
  Pages = {e1004668},
  Title = {A Quick Introduction to Version Control with Git and GitHub},
  Volume = {12},
  Year = {2016},
  Doi = {10.1371/journal.pcbi.1004668},
  Issn = {1553-7358},
  Url = {http://dx.plos.org/10.1371/journal.pcbi.1004668}
}


@Article{wolkovich2012,
  Author = {Wolkovich, E. M. and Cook, B. I. and Allen, J. M. and Crimmins, T. M. and Betancourt, J. L. and Travers, S. E. and Pau, S. and Regetz, J. and Davies, T. J. and Kraft, N. J. B. and Ault, T. R. and Bolmgren, K. and Mazer, S. J. and McCabe, G. J. and McGill, B. J. and Parmesan, C. and Salamin, N. and Schwartz, M. D. and Cleland, E. E.},
  Journal = {Nature},
  Month = {may},
  Number = {7399},
  Pages = {494--497},
  Title = {Warming experiments underpredict plant phenological responses to climate change},
  Volume = {485},
  Year = {2012},
  Doi = {10.1038/nature11014},
  Issn = {0028-0836},
  Url = {http://www.nature.com/doifinder/10.1038/nature11014 http://www.nature.com/articles/nature11014}
}


@Book{wood2017,
  Address = {Boca Raton, FL},
  Author = {Wood, Simon N},
  Publisher = {CRC Press},
  Title = {Generalized additive models: an introduction with R},
  Year = {2017}
}


@Article{xarray,
  Author = {Hoyer, Stephan and Hamman, Joseph J.},
  Journal = {Journal of Open Research Software},
  Month = {apr},
  Title = {xarray: N-D labeled Arrays and Datasets in Python},
  Volume = {5},
  Year = {2017},
  Doi = {10.5334/jors.148},
  Issn = {2049-9647},
  Url = {http://openresearchsoftware.metajnl.com/articles/10.5334/jors.148/}
}


@Article{xu2013,
  Author = {Xu, Lin and Chen, Xiaoqiu},
  Journal = {Global Change Biology},
  Month = {apr},
  Number = {4},
  Pages = {1275--1284},
  Title = {Regional unified model-based leaf unfolding prediction from 1960 to 2009 across northern China},
  Volume = {19},
  Year = {2013},
  Doi = {10.1111/gcb.12095},
  Issn = {13541013},
  Url = {http://doi.wiley.com/10.1111/gcb.12095},
  Isbn = {1354-1013 (Print)\r1354-1013 (Linking)},
  Keywords = {Bottom-up approach,Climate change,Forcing and chilling requirements,Leaf unfolding,Regional unified model,Spatiotemporal prediction,Tree phenology},
  Pmid = {23504902}
}


@Article{yenni2019,
  Author = {Yenni, Glenda M. and Christensen, Erica M. and Bledsoe, Ellen K. and Supp, Sarah R. and Diaz, Renata M. and White, Ethan P. and Ernest, S. K. Morgan},
  Journal = {PLOS Biology},
  Month = {jan},
  Number = {1},
  Pages = {e3000125},
  Title = {Developing a modern data workflow for regularly updated data},
  Volume = {17},
  Year = {2019},
  Doi = {10.1371/journal.pbio.3000125},
  Issn = {1545-7885},
  Url = {http://dx.plos.org/10.1371/journal.pbio.3000125}
}


@Article{yun2017,
  Author = {Yun, Kyungdahm and Hsiao, Jennifer and Jung, Myung-Pyo and Choi, In-Tae and Glenn, D. Michael and Shim, Kyo-Moon and Kim, Soo-Hyung},
  Journal = {Ecological Modelling},
  Pages = {54--64},
  Publisher = {Elsevier B.V.},
  Title = {Can a multi-model ensemble improve phenology predictions for climate change studies?},
  Volume = {362},
  Year = {2017},
  Doi = {10.1016/j.ecolmodel.2017.08.003},
  Issn = {03043800},
  Url = {http://linkinghub.elsevier.com/retrieve/pii/S0304380017303563}
}


@Article{zhang2017,
  Author = {Zhang, Haicheng and Liu, Shuguang and Regnier, Pierre and Yuan, Wenping},
  Journal = {Global Change Biology},
  Month = {dec},
  Number = {10},
  Pages = {3218--3221},
  Title = {New insights on plant phenological response to temperature revealed from long-term widespread observations in China},
  Volume = {12},
  Year = {2017},
  Doi = {10.1111/gcb.14002},
  Url = {http://doi.wiley.com/10.1111/gcb.14002}
}

@misc{chap3zenodo,
  author       = {Taylor, Shawn},
  title        = {{Code and data used in the study: Estimating 
                   transition dates from status-based phenological
                   observations: a test of methods}},
  month        = mar,
  year         = 2019,
  doi          = {10.5281/zenodo.3234913},
  url          = {https://doi.org/10.5281/zenodo.3234913}
}

@article{prevey2019a,
author = {Prevéy, J.S. and Parker, L.E. and Harrington, C.A. and Lamb, C.T. and M.F. Proctor},
journal = {Agricultural and Forest Meteorology},
title = {{Climate change shifts the habitat suitability and phenology of black huckleberry}},
year = {In revision}
}

@misc{little1999,
author = {{US Geological Survey}},
publisher = {US Geological Survey, Lakewood, CO},
title = {{Digital representation of “Atlas of United States Trees” by Elbert L. Little, Jr.}},
year = {1999}
}

@article{biederman2018,
author = {Biederman,{Lori A.} and Anderson, Derek and Sather, Nancy and Pearson, John and Beckman, Judy and Prekker,Jeanne},
doi = {10.1016/j.gecco.2018.e00461},
issn = {23519894},
journal = {Global Ecology and Conservation},
month = {oct},
pages = {e00461},
title = {{Using phenological monitoring in situ and historical records to determine environmental triggers for emergence and anthesis in the rare orchid Platanthera praeclara Sheviak {\&} Bowles}},
url = {https://linkinghub.elsevier.com/retrieve/pii/S2351989418302555},
volume = {16},
year = {2018}
}

@article{schwartz2013,
author = {Schwartz, Mark D. and Ault, Toby R. and Betancourt, Julio L.},
doi = {10.1002/joc.3625},
issn = {08998418},
journal = {International Journal of Climatology},
month = {nov},
number = {13},
pages = {2917--2922},
title = {{Spring onset variations and trends in the continental United States: past and regional assessment using temperature-based indices}},
url = {http://doi.wiley.com/10.1002/joc.3625},
volume = {33},
year = {2013}
}

@Article{vandoren2018,
  Author = {{Van Doren}, Benjamin M. and Horton, Kyle G.},
  Journal = {Science},
  Month = {sep},
  Number = {6407},
  Pages = {1115--1118},
  Title = {A continental system for forecasting bird migration},
  Volume = {361},
  Year = {2018},
  Doi = {10.1126/science.aat7526},
  Isbn = {9788190332163},
  Issn = {0036-8075},
  Url = {http://www.sciencemag.org/lookup/doi/10.1126/science.aat7526},
  Pmid = {30213913},
  Archiveprefix = {arXiv},
  Arxivid = {293092},
  Eprint = {293092}
}

@article{jelinski1996,
author = {Jelinski, Dennis E. and Wu, Jianguo},
doi = {10.1007/BF02447512},
issn = {0921-2973},
journal = {Landscape Ecology},
month = {jun},
number = {3},
pages = {129--140},
title = {{The modifiable areal unit problem and implications for landscape ecology}},
url = {http://link.springer.com/10.1007/BF02447512},
volume = {11},
year = {1996}
}

